2734 4159
467 374 470 379 -
568 335 751 391 duramnus
769 336 808 391 IV
1134 336 1199 402 357

182 524 264 565 nova
291 507 403 581 quippe
430 508 463 563 in
490 504 544 565 illo
571 507 641 565 sunt
668 508 770 565 omnia
793 525 889 581 neque
913 525 1055 581 umquam
1077 508 1110 565 in
1125 507 1201 567 aliis

182 596 259 653 visa.
290 594 439 671 hospitem
452 613 562 654 novum
576 613 630 671 pro
645 595 775 655 amantis
793 596 902 668 animo,
916 614 976 655 non
995 597 1083 671 quasi
1099 613 1201 658 reeens

183 686 371 759 suseeptum‚
399 684 450 743 sed
477 702 556 743 nova
580 684 710 759 quadam
734 688 764 744 et
787 685 933 763 singulari
956 684 1088 761 eorporis
1111 688 1201 761 atque

184 774 280 831 animi
311 772 408 848 speeie
440 772 579 832 debemus
611 775 753 850 aeoipere.
800 791 884 847 qaeu
914 790 976 833 sese
1011 790 1060 834 ore
1095 776 1201 848 ferens,

155 880 276 935 equom
307 864 378 936 forti
403 867 520 935 pertore
546 867 573 921 et
599 865 709 922 armis!
754 862 834 938 quod
860 864 955 937 tacet,
981 864 1094 938 inquit,
1121 862 1201 939 quod

183 952 329 1026 loquitur,
348 951 429 1027 quod
446 954 584 1011 movetur
603 970 693 1027 quam
711 955 832 1030 gratum
850 956 902 1027 esi,
921 970 1011 1026 quam
1028 951 1202 1026 iucundum,
1252 965 1255 970 ·

184 1058 285 1116 quam,
308 1042 373 1099 viro
405 1041 479 1100 forti
511 1042 701 1100 conveniensi
747 1042 831 1101 medo
864 1041 1008 1114 equidm,
1039 1058 1092 1100 neo
1120 1058 1202 1100 oona
1281 1037 1286 1044 ’

183 1129 271 1201 fides,
297 1147 391 1204 perses
417 1147 477 1189 esse
499 1130 627 1188 deorum.
669 1130 821 1205 deponeres
844 1132 958 1189 animos
980 1132 1068 1188 amor
1089 1132 1202 1205 ororii:

183 1221 273 1277 tanta
299 1219 331 1276 in
358 1218 413 1278 illo
440 1220 506 1277 viro
534 1220 704 1278 constantia
727 1223 785 1294 est,
809 1222 844 1277 ut
867 1221 1013 1295 appareat
1033 1218 1120 1277 illum
1143 1218 1201 1281 diis

141 1325 171 1366 ro
185 1326 249 1366 esse
272 1309 470 1384 progenitum.
512 1311 722 1385 argumentum
745 1307 873 1382 additur,
896 1310 931 1365 ut
953 1308 1009 1366 hoo
1031 1308 1129 1383 ipsum
1152 1308 1201 1366 fir·

184 1400 282 1455 maret
309 1396 388 1472 quod
415 1396 537 1455 volebat
564 1397 712 1457 adsereret
747 1397 918 1474 degeneres,
945 1390 1058 1473 inquit,
1086 1397 1203 1456 animos

183 1486 276 1543 timor
299 1485 414 1561 arguit,
441 1486 497 1545 hoo
525 1489 572 1544 est
598 1486 623 1546 si
652 1486 779 1565 degener
806 1490 896 1561 esset,
924 1486 1104 1545 humilitatis
1130 1503 1202 1545 suae

184 1574 368 1633 conscientia
386 1578 577 1650 premeretur.
611 1594 677 1634 eoee
694 1579 840 1652 quantum
854 1575 998 1634 laudabat
1012 1593 1089 1651 quae
1103 1575 1202 1635 alieno

184 1664 243 1722 hoo
266 1666 311 1722 est
335 1661 490 1740 Cupidinis
514 1663 640 1724 arbitrio
664 1664 835 1738 ducebatur,
854 1684 913 1723 non
933 1683 1044 1723 somno.
1083 1664 1135 1722 sed
1152 1664 1202 1722 hia

141 1768 169 1810 rs
184 1755 293 1828 poetae
328 1754 414 1811 favor
450 1757 508 1827 est,
545 1754 596 1828 qui
629 1754 711 1812 omni
742 1753 895 1813 occasione
925 1756 1052 1813 virtutes
1083 1751 1203 1812 Aeneae

184 1841 351 1918 meritaque
379 1841 573 1901 commendat.
620 1845 699 1902 inter
726 1843 804 1902 bona
832 1845 895 1902 eius
922 1844 1010 1918 ponit
1037 1842 1117 1919 quod
1141 1841 1202 1902 no'n

185 1932 301 1989 amavit
323 1933 388 2006 ipse
410 1934 446 1989 ut
467 1933 611 2007 vulgaris,
634 1936 669 1990 ut
691 1932 797 2009 turpis,
818 1932 869 1991 sed
893 1935 1010 1991 amatus
1034 1934 1201 2006 estusque

185 2022 305 2079 amatus
328 2020 365 2079 ab
390 2039 424 2078 ea
448 2040 524 2096 quae
549 2023 626 2080 esset
648 2021 771 2097 pudoris
795 2020 912 2096 abiecti,
932 2021 983 2079 sed
1006 2020 1043 2080 ab
1067 2039 1204 2097 eaquae

185 2111 283 2184 petita
306 2112 383 2169 esset
406 2110 530 2169 oonsilio
544 2109 669 2170 Veneris
693 2115 723 2169 et
744 2109 897 2186 Cupidinis
915 2110 1029 2169 fraude.
1065 2110 1121 2168 here
1139 2111 1203 2183 qoi-

141 2216 171 2256 2o
186 2199 242 2256 oue
264 2200 315 2257 ille
336 2202 462 2258 tostam
484 2200 659 2272 fortisquae
682 2200 757 2259 bello
775 2201 917 2259 exhausto
934 2200 1071 2259 canebat!
1107 2201 1202 2257 omnis

184 2290 282 2364 partis
301 2290 458 2363 exequitur
475 2308 551 2364 quae
570 2291 685 2347 amanti
703 2291 907 2367 congruerent.
940 2307 1006 2348 eece
1024 2290 1104 2347 enim
1122 2287 1203 2346 dolet

185 2394 272 2435 oasim
296 2379 359 2436 eius
382 2380 414 2435 et
436 2380 568 2455 graviter
585 2380 763 2455 ingemiseit.
797 2397 980 2454 quamquam
999 2380 1099 2437 autern
1118 2396 1202 2453 prae·

184 2468 279 2524 missa
310 2467 499 2525 ostenderent
532 2485 632 2525 amore
664 2468 750 2525 iilam
787 2469 921 2544 captam,
956 2469 1057 2525 tamen
1094 2467 1203 2541 incipit

184 2556 296 2614 sensim
320 2555 454 2614 eonfiteri
478 2556 557 2631 quod
580 2560 668 2615 amet.
707 2559 735 2616 si
756 2557 829 2615 mot
850 2573 911 2614 ooo
929 2558 1028 2615 animo
1045 2557 1139 2628 fierem
1157 2557 1255 2613 rte-1⁶

140 2648 351 2716 semotamque
377 2644 487 2703 sederet
511 2663 549 2703 ne
575 2646 623 2704 eoi
649 2662 695 2703 me
721 2647 816 2704 vinclo
843 2645 944 2704 vellen
966 2646 1078 2705 sociare
1099 2644 1203 2718 eupuli,

178 2737 339 2808 postquam
356 2736 476 2807 pomos
499 2751 583 2793 amor
605 2734 753 2808 deceptam
774 2738 865 2793 morte
887 2734 998 2809 fefellit,
1016 2737 1045 2793 se'
1061 2751 1121 2793 eoo
1133 2750 1203 2806 per*

183 2828 298 2882 meseum
330 2823 453 2882 thalami
484 2824 641 2896 taedaeque
669 2825 786 2897 mosot,
817 2824 885 2882 hoio
910 2826 965 2882 wno'
991 2825 1095 2895 forsan
1116 2824 1204 2896 potos

182 2912 370 2971 sommatore
401 2913 519 2985 eulpae:
558 2931 652 2986 usque
684 2913 758 2972 adeo
791 2912 867 2970 dixit
897 2913 984 2970 illum
1015 2913 1112 2970 virum
1144 2911 1204 2969 sibi
1255 2917 1259 2952 ³

182 3002 317 3078 placere,
349 3003 384 3059 ut
416 3001 541 3077 dignum
573 3001 720 3060 iudicaret
752 3003 900 3060 consortio
933 3002 1117 3059 matrimonii
1147 3001 1202 3074 sui,

137 3110 169 3151 ao
182 3092 244 3149 nisi
259 3089 402 3148 secundas
421 3092 542 3166 nuptias
560 3092 665 3165 primis
686 3090 809 3166 decepta
827 3089 1005 3149 damnasset.
1036 3107 1102 3148 eooe
1120 3090 1203 3148 venit

183 3180 224 3238 ad
261 3179 381 3253 plenam
418 3180 640 3238 confessionem.
691 3177 796 3249 Anao,
828 3180 940 3254 inquit,
972 3179 1085 3252 fatebor
1117 3181 1202 3247 enim,
1222 3183 1257 3231 20

260 3373 273 3419 1
294 3372 448 3433 oeque—3
467 3372 620 3435 susceptum
639 3369 744 3421 temere
762 3369 831 3420 mut.
851 3367 894 3421 ed.
950 3373 966 3419 2
985 3365 1078 3419 animo
1096 3365 1122 3418 R
1140 3367 1202 3418 aoei-

184 3456 259 3494 mom
277 3436 299 3489 L
318 3456 343 3491 m
364 3437 457 3493 (101.ss
471 3454 544 3490 man.
572 3440 576 3507 Ι
600 3439 703 3493 recenti
720 3437 774 3490 LR
791 3456 883 3493 reeens
900 3454 950 3491 nos
970 3435 1014 3506 (of.
1031 3441 1065 3489 86
1085 3438 1204 3491 instanti

182 3526 236 3581 pro
256 3511 382 3577 instares).
483 3514 498 3561 ἵ
518 3526 601 3577 qoam
618 3510 729 3563 veniens
747 3510 768 3561 t
787 3527 843 3578 qua
861 3528 884 3564 o.
905 3508 1108 3564 Rooovene'ena
1126 3525 1140 3560 r
1158 3507 1201 3561 ed.

241 3587 273 3634 11
293 3582 398 3635 uolebat
415 3579 467 3633 LR
485 3580 630 3635 uidebatur
647 3581 691 3634 ed.
767 3587 799 3634 12
818 3584 844 3635 εἰ
862 3599 914 3636 om.
934 3578 988 3633 LR
1006 3578 1069 3632 add.
1089 3597 1104 3632 r
1122 3579 1165 3632 ed.

185 3660 220 3707 14
239 3668 333 3707 somno
351 3651 402 3703 LR
421 3652 463 3705 ed.
483 3658 551 3706 suo?
570 3651 620 3705 sed
639 3652 674 3704 ef.
690 3656 741 3706 uo
756 3654 786 3706 et
800 3657 825 3707 9.
899 3658 937 3708 ‘rt
955 3650 1119 3706 ruomemir
1132 3653 1228 3701 uaeris.

183 3742 251 3779 oum
267 3738 320 3776 ras.
341 3739 426 3789 super
442 3740 457 3777 e
472 3723 504 3776 R.
582 3728 617 3778 27
633 3725 758 3794 fuissent
776 3725 834 3781 Lu
854 3744 929 3783 uuir.
947 3743 974 3780 r.
