2734 4159
564 330 771 387 PRAEFATIO
1086 332 1176 387 XXIX

157 499 276 559 abbatis
303 519 412 559 nomen
435 502 550 560 saeculi
576 501 660 560 illius
687 520 768 560 more
796 501 909 560 initiali
931 504 1050 561 tentum
1073 502 1176 561 littera

157 589 357 667 designatum,
380 608 562 665 quamquam
584 609 632 649 me
650 609 705 666 per
722 590 839 649 11888188
858 593 982 668 rogatus
1001 593 1049 649 vir
1067 591 1176 650 doctis·

157 680 261 752 simus,
285 678 338 753 qui
361 678 479 738 Servati
500 678 579 754 Lupi
603 680 745 754 epistolas
769 679 863 739 edidit
888 680 984 754 1888,
1002 679 1175 740 Desdevises

157 768 199 827 du
216 767 334 841 1188881,
351 768 383 826 18
402 767 605 828 Arvemorum
623 770 746 828 ciuitate
764 769 923 845 professor,
946 769 1176 847 diligentissima

155 856 389 934 investigatione
420 856 585 917 liberaliter
616 857 746 931 adiuvit,
779 876 881 916 eruere
913 877 972 917 non
1001 860 1097 934 potui.
1143 861 1177 916 88

156 946 259 1022 patrui
288 948 350 1004 eius
373 946 489 1004 Aldrici
512 947 594 1005 88888
617 947 707 1023 81888
729 949 860 1007 constat:
893 950 983 1006 natus
1007 968 1084 1007 anno
1111 949 1173 1005 775

156 1036 217 1093 fuit
239 1034 331 1093 abbas
354 1036 529 1094 monasterii
551 1035 758 1110 Ferrariensis‚
780 1038 849 1111 post
871 1035 1033 1095 Alcuinum
1058 1039 1176 1110 tertius,

156 1123 195 1182 ab
223 1143 302 1183 anno
326 1125 388 1183 822
417 1143 511 1200 usque
539 1125 578 1184 ad
605 1143 717 1184 annum
741 1125 820 1199 828,
848 1144 908 1201 quo
936 1124 1175 1202 archiepiscopus

157 1212 310 1272 Senonum
333 1213 443 1272 electus
468 1216 521 1287 est,
544 1214 620 1273 obiit
643 1215 717 1272 836.
765 1233 864 1290 quare,
888 1214 1030 1290 quoniam
1052 1218 1176 1290 propter

156 1302 314 1361 Aldricum
337 1301 434 1362 verbis
458 1322 538 1375 „nos
561 1302 628 1378 pius
653 1306 722 1362 8888
743 1301 846 1379 pater“
865 1303 1054 1362 Ferrariense
1073 1323 1174 1363 mona·

157 1393 284 1451 sterium
307 1390 470 1469 significari
492 1410 610 1452 necesse
634 1395 679 1451 est
702 1411 756 1452 nec
779 1394 880 1469 potuit
902 1394 1042 1451 carminis
1062 1396 1175 1467 auctor,

156 1482 216 1539 nisi
239 1498 289 1540 eos
313 1480 366 1555 qui
384 1484 576 1539 monumento
595 1481 771 1557 inscriptum
790 1483 922 1559 legerent
940 1482 1063 1541 mirifice
1084 1482 1175 1541 vellet

155 1570 236 1644 falli,
269 1570 361 1628 verba
388 1569 468 1644 „bic
500 1566 594 1630 situ's
624 1569 700 1629 est“
729 1574 758 1629 et
786 1572 963 1645 „luximus
992 1569 1107 1630 hunc“
1136 1571 1175 1631 ad

156 1658 240 1718 aliud
273 1658 423 1733 quoddam
449 1662 662 1718 monasterium
689 1660 812 1733 referre,
844 1660 1017 1719 defunctum
1043 1661 1175 1720 eimdem

156 1747 332 1807 monasterii
363 1747 561 1807 Ferrariensis
596 1748 735 1808 abbatem
767 1749 868 1824 ibique
901 1750 1050 1824 sepultum
1084 1751 1174 1809 fuisse

157 1838 292 1913 apparet.
327 1836 357 1893 in
382 1837 504 1896 elencho
527 1837 679 1911 abbatum,
705 1857 792 1914 quem
816 1836 986 1897 1188881118
1005 1837 1175 1898 Christiana

156 1925 523 2002 18111118156888,
551 1930 620 1986 ante
653 1946 764 1985 annum
796 1928 858 1985 876
892 1927 992 1986 881188
1024 1928 1176 1989 invenitur

157 2016 210 2089 qui
242 2033 310 2073 oum
341 2014 460 2073 indiciis
492 2016 632 2075 carminis
664 2019 818 2094 congruat.
869 2035 939 2074 nam
971 2017 1024 2091 qui
1053 2016 1174 2075 Aldrico

157 2105 300 2163 successit
323 2102 401 2177 Odo,
428 2106 486 2163 etsi
509 2123 596 2180 saepe
619 2104 706 2165 Hodo
730 2104 883 2177 scribitur,
911 2124 971 2163 non
993 2110 1079 2181 „post
1102 2105 1174 2163 felix

157 2190 291 2251 senium“
314 2192 366 2251 sed
387 2193 491 2267 881888
511 2212 546 2251 ex
563 2196 738 2253 monasterii
756 2195 944 2269 praefectura
962 2213 1015 2268 per
1035 2192 1174 2254 (18181818

159 2280 285 2340 Calvum
311 2300 411 2359 regem
440 2284 550 2342 amissa
577 2283 725 2361 dignitate
752 2284 885 2343 decessit.
930 2284 1009 2342 hunc
1032 2282 1174 2343 Servatus

157 2368 259 2446 Lupus
283 2373 400 2429 8888888
424 2374 468 2430 est
488 2372 673 2446 842-862,
694 2372 745 2447 qui
768 2374 887 2431 nomine
910 2373 976 2447 ipso
999 2372 1174 2432 excluditur.

158 2459 210 2517 sed
232 2462 301 2534 post
324 2460 387 2521 eius
411 2460 525 2519 obitum
547 2480 642 2536 usque
665 2461 704 2519 ad
727 2461 900 2535 Albustum,
927 2464 980 2537 qui
1007 2481 1085 2521 8888
1110 2464 1172 2521 876

158 2550 333 2608 monasterii
356 2548 552 2608 Ferrariensis
576 2550 667 2609 abbas
691 2552 881 2624 memoratur,
906 2551 957 2626 qui
981 2551 1175 2611 successerint

158 2655 264 2712 parum
292 2640 417 2698 constat.
464 2657 534 2716 ergo
561 2640 587 2697 is
616 2658 707 2715 quem
735 2641 904 2716 quaerimus
927 2640 1064 2699 88811118
1088 2642 1174 2699 88818

160 2727 334 2785 862-875
363 2728 544 2787 monasterio
574 2729 740 2803 praefuisse
773 2732 802 2787 et
835 2728 992 2788 decessisse
1024 2730 1174 2805 putandus

159 2820 202 2874 est
225 2819 293 2889 aut,
320 2816 353 2874 id
376 2816 455 2891 quod
478 2816 552 2874 mihi
575 2816 696 2892 quidem
719 2818 782 2876 veri
805 2818 931 2877 similius
955 2817 1087 2894 videtur,
1111 2818 1174 2895 ipse

159 2905 210 2963 ille
237 2905 382 2964 Albustus
413 2904 513 2964 fuisse.
559 2925 629 2965 nam
657 2909 692 2964 ut
719 2926 773 2982 pro
802 2905 905 2967 Odone
933 2906 1019 2966 Hodo
1050 2909 1092 2967 sic
1119 2928 1174 2983 pro

159 2993 286 3053 Albusto
304 2994 470 3053 Halbustus
491 2995 581 3055 scribi
604 2997 713 3072 potuit,
732 2998 815 3055 cuius
838 2996 967 3056 nominis
990 2999 1086 3055 forma
1110 3017 1174 3056 cur·

159 3084 223 3141 tata
250 3082 385 3142 Η818ο
376 3103 408 3141 18
436 3103 554 3142 versum
586 3084 699 3161 optime
731 3079 900 3166 quadrat.)
947 3086 1062 3145 accedit
1049 3086 1176 3160 tquod

159 3170 332 3231 Albustus
325 3192 357 3230 18
376 3171 477 3232 Gallia
496 3172 666 3233 Christiana
690 3175 731 3234 818
754 3175 907 3234 1881881188
932 3176 1091 3249 „h‘tune
1045 3195 1077 3232 18
1078 3178 1174 3252 teger·

159 3260 234 3319 rima
262 3262 325 3320 vita
353 3265 384 3319 et
410 3261 555 3339 religione
581 3262 756 3340 incorrupta
784 3219 1023 3323 commendatum
1048 3282 1082 3322 ac
1105 3283 1174 3323 vere

159 3354 211 3423 pat
211 3352 253 3409 ris
282 3352 312 3408 et
338 3350 534 3409 moderatoris
562 3353 777 3428 sapientissimi
804 3353 893 3412 laude
921 3353 1044 3429 dignum
1074 3353 1174 3412 ferunt

231 3504 256 3571 1)
231 3500 393 3555 1Albusti
416 3518 518 3555 nomen
542 3517 575 3555 ex
599 3502 646 3555 alb
670 3506 700 3557 et
723 3504 787 3557 wist
810 3504 997 3573 compositum
1022 3520 1082 3557 esse
1101 3504 1175 3559 sicut

159 3572 274 3625 Α188881
293 3572 424 3641 (Ernesti)
444 3589 478 3627 ex
497 3590 547 3625 arn
566 3580 611 3641 (=
626 3574 687 3626 8818
701 3573 799 3642 88888)
819 3577 848 3628 88
861 3574 926 3628 8188
940 3575 1173 3629 Foerstemannus

159 3642 188 3695 in
211 3644 386 3697 onomastioo
409 3644 570 3713 germanico
589 3645 639 3715 Ip
665 3650 835 3701 7381628
859 3646 1023 3717 8888188881
1042 3645 1184 3714 ’18818888

157 3731 209 3781 pro
225 3716 348 3767 Amustc
367 3714 452 3768 etiem
470 3716 675 3773 Η818888818
667 3719 796 3777 18188111
813 3723 969 3777 1118818888.
1039 3750 1042 3753 >
