2734 4159
576 324 759 379 leoninos
778 325 804 379 v
884 292 911 368 ⁴.
1138 326 1205 391 449

185 516 245 553 non
261 495 376 567 habuit,
390 497 545 569 supererat
559 494 640 553 solus
656 493 827 553 Cloanthus.
853 494 933 552 huno
946 494 1067 569 petebat
1082 514 1205 571 sperans

185 585 267 659 quod
291 586 382 642 etiam
405 583 505 657 ipsum
522 584 651 642 transire
669 587 778 658 posset.
816 582 943 657 denique
962 586 1006 642 ait
1024 585 1104 643 solas
1121 587 1196 643 torr-
1207 589 1259 637 225

183 693 239 747 que
262 677 325 746 ipso
348 676 479 745 superest
500 675 533 730 tre
556 674 615 744 stne
631 672 812 739 'Cloanthus
838 690 922 745 quern
940 675 1013 745 petit
1036 678 1062 732 et
1083 675 1206 733 summis

185 765 315 821 orlrr'ras
338 763 451 819 rirr'brre
473 766 564 835 arcet.
610 763 643 819 in
666 760 873 837 desperatione
897 763 1050 835 sequentis
1078 762 1206 821 victoria

157 853 254 925 afuit,
278 853 420 926 quoniam
444 853 621 925 consumpta
644 851 746 926 pelagi
769 852 868 926 spatia
889 851 1009 908 fuerant
1029 853 1059 909 et
1077 853 1205 909 transire

185 940 355 999 volentibus
383 940 541 1014 prolixitas
568 939 668 998 fuerat
696 939 875 1013 necessaria,
908 940 939 996 in
968 958 1028 1014 qua
1058 942 1206 1018 remigum

185 1032 282 1087 virtus
306 1028 448 1104 proficere
471 1030 626 1103 potuisset.
666 1047 726 1086 non
750 1028 845 1087 defuit
868 1032 969 1086 tamen
992 1030 1148 1103 instantia,
1171 1033 1206 1086 ut

185 1121 387 1194 opponeretur
414 1138 467 1193 per
494 1117 675 1176 industriam
702 1118 783 1193 quod
811 1120 943 1175 artatum
972 1119 1031 1176 iter
1058 1118 1205 1195 angustiis

186 1207 383 1284 pernegabat:
403 1212 464 1264 trra
483 1224 550 1265 rero
568 1208 731 1280 rrpemtaar
748 1207 857 1265 clamor
876 1209 1026 1280 erectique
1043 1211 1206 1279 sequentem

144 1318 172 1356 ro
186 1299 329 1369 irestipcrrt
341 1298 447 1355 stodiis
460 1300 632 1368 resonatque
645 1296 814 1368 fropcrr'tcs
832 1296 936 1353 aether.
970 1298 1091 1355 conanti
1108 1298 1206 1356 mans-

186 1389 230 1443 ire
249 1388 345 1462 magis
364 1385 487 1443 favebat
505 1387 707 1460 spectantium
725 1384 823 1457 turba,
843 1387 914 1459 quia
934 1403 1019 1459 posse
1039 1384 1205 1444 videbatur.

185 1478 288 1533 tantus
317 1477 417 1532 autem
444 1475 547 1550 fragor
569 1474 641 1547 fuit,
669 1476 704 1531 ut
729 1474 794 1548 ipso
820 1474 938 1532 aethere
961 1493 1102 1549 percusso
1126 1493 1205 1533 reso-

185 1568 271 1622 naret
294 1583 350 1621 vox
374 1563 487 1637 populi.
524 1581 594 1640 ergo
617 1562 674 1620 hoc
697 1562 796 1621 studio
820 1565 988 1637 spectantes
1013 1563 1204 1622 ducebantur.

185 1654 339 1711 videamus
368 1651 617 1727 quemadmodum
646 1653 825 1710 certantium
856 1655 940 1729 gesta
973 1652 1129 1711 describat.
1175 1654 1206 1712 bi

145 1761 171 1801 rs
180 1744 339 1815 proprium
362 1742 449 1799 decus
472 1745 498 1798 et
515 1744 639 1813 partem
661 1742 857 1813 iadipacrrtcr
878 1741 1015 1799 bonorem
1033 1744 1066 1800 rrr'
1085 1745 1260 1801 cerauno

185 1834 331 1903 nitoreque
354 1831 454 1887 colent
471 1846 529 1902 pro
552 1830 641 1887 laudo
658 1831 787 1902 pacisci:
813 1831 865 1904 qui
887 1830 986 1889 locum
1009 1833 1138 1906 primum
1161 1835 1205 1890 te-

185 1921 295 1977 nebant
323 1921 402 1976 hunc
430 1938 467 1976 ne
496 1920 670 1977 amitterent
692 1918 871 1977 laborabant
893 1920 996 1993 itaque
1021 1920 1206 1978 ducebantur

186 2009 296 2086 gloria,
324 2011 358 2065 ut
385 2008 462 2065 hanc
490 2008 584 2066 saluti
611 2026 681 2066 suae
707 2010 931 2083 praesumerent
954 2009 1204 2084 praeponendam.

185 2100 235 2155 bes
258 2115 407 2155 successes
435 2098 501 2163 alit,
520 2101 658 2169 possrrrt,
688 2099 759 2169 qaia
780 2114 868 2169 posse
894 2097 1045 2156 rideatur:
1082 2098 1205 2157 alterius

142 2207 171 2245 ao
186 2188 270 2244 navis
303 2188 397 2258 viros,
435 2187 488 2259 qui
518 2188 649 2260 primum
686 2185 784 2245 locum
820 2187 990 2262 praeripere
1022 2187 1206 2260 nitebantur,

186 2275 340 2352 erigebant
367 2292 414 2331 res
442 2275 587 2332 secundae
612 2280 642 2333 et
664 2275 804 2333 fortunae
828 2275 1017 2353 suffragium,
1046 2295 1080 2334 eo
1109 2276 1205 2353 magis

187 2365 266 2438 quod
289 2363 468 2421 ridebantur
491 2382 580 2421 ausus
605 2382 673 2423 suos
697 2383 783 2439 posse
807 2364 953 2439 conplere.
989 2368 1101 2439 quanto
1125 2367 1205 2424 enim

185 2453 384 2509 ludibriosum
407 2455 452 2511 est
474 2455 592 2526 partam
617 2452 744 2529 gloriam
764 2471 779 2510 e
797 2452 937 2511 manibus
960 2454 1091 2529 perdere,
1118 2457 1204 2513 tanto

186 2545 231 2599 est
249 2542 412 2618 gloriosum
432 2542 588 2617 adquirere
607 2542 804 2616 desperatam.
840 2546 867 2600 et
884 2544 946 2615 fors
965 2546 1097 2616 aequans
1116 2546 1205 2617 cepis-

140 2651 170 2691 25
185 2635 248 2689 sent
269 2632 408 2703 proemia
435 2633 551 2699 rostris,
583 2650 669 2705 pares
703 2631 817 2690 scilieet
850 2631 887 2690 ad
917 2632 1050 2707 palmam
1077 2633 1204 2692 forsitan

185 2721 350 2793 venissent,
386 2722 418 2777 ni
447 2721 566 2792 palmos
593 2724 684 2792 pereto
721 2722 840 2779 tenderes
871 2725 1011 2794 atrosque
1045 2720 1204 2781 Cloanthus

184 2810 363 2881 fudissetque
381 2827 483 2881 preces
506 2811 642 2881 dirosque
660 2812 694 2868 r'rr
712 2814 779 2868 rota
796 2814 933 2878 recesset,
955 2812 1015 2869 nisi
1037 2811 1204 2885 victoriam,

186 2918 261 2973 quae
289 2901 410 2972 utrique
438 2901 539 2973 posset
567 2916 629 2957 esse
658 2899 836 2972 communis,
866 2900 1068 2973 praevenisset
1098 2899 1204 2958 Cloan-

185 2988 255 3045 thus
279 2987 415 3061 precibus
440 2988 500 3045 suis
520 2990 550 3046 et
569 2988 754 3062 supplicibus
773 2987 909 3047 manibus
929 2989 999 3047 deos
1019 2989 1204 3048 adhibuisset

138 3098 170 3137 ao
185 3079 217 3133 in
241 3080 320 3135 vota.
363 3077 436 3133 haec
459 3076 655 3151 praedicendo
679 3077 811 3136 ostendit
833 3080 922 3152 poeta
946 3079 1044 3153 ipsum
1068 3080 1203 3136 futurum

185 3183 247 3223 esse
275 3167 426 3224 victorem.
473 3167 529 3234 dr'i,
557 3167 662 3238 quibos
689 3167 845 3237 imperinm
868 3170 909 3224 est
928 3169 1043 3241 pelopi,
1071 3172 1257 3240 quorcm235

185 3271 313 3327 ceqrrorc
336 3272 430 3321 curre,
454 3256 535 3312 robis
557 3254 650 3313 lactas
673 3272 736 3327 ecc,
759 3255 815 3313 hoc
839 3258 884 3313 est
908 3258 933 3315 si
956 3257 1052 3315 laetus
1076 3256 1112 3314 de
1135 3276 1202 3332 pro-

257 3430 272 3476 8
292 3430 472 3491 opponeretur
490 3424 542 3475 th
561 3424 603 3476 cd.
623 3426 807 3478 obtineretur?
895 3429 928 3477 14
947 3426 1088 3478 rideamus
1107 3425 1159 3478 LR
1178 3443 1201 3480 o.

183 3512 259 3549 ricae
279 3496 321 3547 ed.
343 3498 347 3563 Ι
372 3501 446 3564 peste
465 3494 517 3546 th
534 3495 612 3560 facta
630 3495 674 3548 ed.
749 3501 781 3549 17
802 3513 871 3564 aque
889 3495 942 3547 LR
961 3502 1041 3563 atque
1058 3496 1100 3549 10
1120 3514 1203 3565 capre

184 3566 241 3618 ΗΠ
262 3566 303 3617 ed.
324 3569 416 3635 itaque
434 3582 494 3618 nos.
568 3571 601 3619 23
622 3568 803 3621 ludibriosum
822 3568 873 3619 LR
892 3567 1057 3621 laboriosum
1078 3566 1102 3620 U
1121 3568 1163 3621 ed.

184 3644 219 3689 24
239 3639 385 3705 coepissent
403 3638 462 3689 LR.
537 3642 570 3690 29
586 3640 733 3707 praecibus
755 3640 853 3705 scisset
871 3639 923 3691 LIt
945 3641 1035 3705 precis
1056 3640 1183 3702 (adase.
1195 3655 1216 3685 x:

178 3710 309 3777 precibus
326 3710 385 3762 serie
403 3715 428 3761 et
446 3708 532 3761 HOU
552 3709 595 3763 ed.
669 3715 703 3764 31
725 3716 764 3765 est
783 3728 841 3765 om.
855 3710 903 3765 ed.

231 3807 289 3843 Don.
305 3808 399 3854 interpr.
416 3808 482 3859 Verg.
509 3811 554 3852 vol.
570 3812 590 3853 Ι.
984 3800 1024 3847 Ἣ
