2734 4159
573 260 756 316 AENEIDOS
774 262 814 317 111
1140 262 1204 326 327

186 434 307 493 nullum
328 434 388 493 nisi
409 433 598 491 muneratum
618 432 742 507 reliquit
760 430 833 490 dans
853 431 933 507 quod
951 431 1128 508 conpetebat
1146 432 1206 491 for-

186 522 270 581 tibus
291 523 372 581 viris.
418 522 528 580 interea
550 522 672 580 classem
693 520 765 580 aclis
788 526 891 594 aptare
913 522 1029 581 iubebat
1050 518 1206 581 Anchises:

187 612 321 670 Helenus
343 612 376 669 in
399 610 505 670 officiis
528 610 677 687 religiosis
701 611 800 669 fuerat
823 612 996 686 occupatus,
1014 628 1082 669 cum
1106 613 1206 669 aulem

188 702 262 760 haec
286 702 395 777 ageret,
418 698 541 757 iubebat
563 717 632 759 suos
650 700 796 759 Anchises
819 718 926 776 parare
947 700 1033 759 navis
1053 702 1083 758 et
1102 703 1206 776 aptare
1290 712 1292 717 '

157 789 378 867 enavigationi
399 790 566 848 necessaria
588 788 645 849 hoo
668 791 714 847 est
737 791 806 864 apte
830 807 1017 865 congrueque
1041 787 1204 863 disponere.

187 882 270 951 fieret
287 882 370 936 cento
388 894 472 935 mora
489 895 586 950 cepam
603 878 722 950 ferenti:
745 896 797 936 our
820 877 936 937 iuberet
954 877 1043 937 dixit:
1066 896 1103 936 ne
1122 877 1206 936 fieret

187 986 274 1028 mors
301 966 536 1044 suffragantibus
563 968 670 1026 ventis,
716 985 800 1040 qoem
822 967 929 1026 Phoebi
951 969 1093 1041 interpres
1115 967 1205 1024 mallo

187 1055 331 1131 conpellat
352 1058 473 1115 herme:
495 1055 574 1115 huno
596 1056 728 1116 Helenus
751 1055 920 1115 honorificis
944 1055 1041 1115 verbis
1065 1054 1205 1130 adloque-

186 1146 290 1219 batnr,
322 1144 542 1205 continentibus
574 1145 689 1204 scilicet
719 1144 846 1206 laudem.
893 1144 1004 1204 dicitur
1030 1145 1096 1204 laus
1123 1144 1204 1219 ipsa:

141 1258 173 1298 ro
186 1236 322 1308 coaiapr‘o
344 1232 476 1293 Anchisa
505 1235 624 1293 Veneris
647 1236 764 1309 dipaaie
788 1236 926 1308 superbo:
957 1254 1018 1294 non
1045 1252 1104 1308 quo
1131 1234 1259 1308 ipsel'lo

187 1325 276 1400 quasi
303 1324 403 1399 potior
426 1324 567 1401 dignatus
593 1325 633 1382 sit
659 1324 745 1400 iungi
772 1324 963 1382 matrimonio
987 1322 1126 1396 Veneris,
1154 1320 1205 1381 sed

187 1411 269 1489 quod
297 1412 405 1490 dignus
432 1415 510 1471 esset
536 1413 675 1472 inventus
704 1414 757 1488 qui
784 1412 812 1471 ei
833 1412 1006 1489 iungeretur
1029 1430 1105 1487 quae
1128 1413 1206 1470 esset

184 1503 251 1561 filia
273 1501 363 1561 Iovis.
402 1502 459 1561 hoo
480 1502 640 1561 locutionis
663 1520 756 1580 genus
780 1504 811 1559 et
833 1503 865 1559 in
887 1500 984 1576 primo
1007 1500 1084 1560 libro
1109 1490 1204 1581 (335)

186 1591 290 1667 posuit
325 1590 425 1650 dicens
458 1591 550 1667 „haul
586 1590 725 1667 equidem
760 1590 818 1650 tali
848 1610 896 1648 me
929 1590 1036 1669 dignor
1067 1587 1205 1648 honore“.

141 1702 171 1744 rs
186 1698 261 1739 carc
280 1681 375 1748 deam,
393 1679 425 1737 id
448 1683 493 1739 esi
516 1699 604 1755 quem
627 1678 670 1738 dii
693 1681 837 1754 amarent,
855 1680 993 1756 probatio
1011 1679 1100 1738 huius
1119 1679 1205 1737 dicti:

186 1771 232 1827 tis
254 1770 423 1842 Perpcmeis
451 1772 544 1842 erepte
565 1772 671 1829 ruinis.
718 1771 770 1844 qui
797 1787 864 1828 cum
892 1771 969 1829 esset
997 1768 1117 1842 debilis,
1144 1786 1205 1827 non

186 1859 292 1932 semel,
321 1856 372 1917 sed
400 1857 527 1918 secundo
556 1860 647 1917 etiam
674 1857 819 1918 liberatus
847 1860 887 1917 sit
913 1858 1054 1935 perieulis
1078 1858 1205 1934 patriae,

185 1947 220 2005 in
248 1966 308 2022 qua
335 1946 504 2006 ceciderunt
530 1947 590 2007 viri
611 1948 713 2007 fortes.
760 1947 883 2008 dicendo
911 1947 957 2007 bis
985 1946 1116 2008 ostendit
1144 1964 1205 2005 non

186 2038 328 2096 eventum
350 2037 442 2095 fuisse
464 2038 512 2095 vel
536 2055 650 2109 casum,
678 2036 730 2095 sed
752 2038 854 2096 favore
877 2039 1033 2096 numinum
1057 2053 1119 2095 esse
1145 2054 1205 2094 ser·

139 2148 171 2189 ro
185 2129 300 2184 vatum.
347 2143 407 2185 ecce
434 2127 486 2185 tibi
512 2123 664 2185 Ausoniae
691 2126 789 2185 tellas:
824 2128 901 2185 hacc
928 2129 1028 2199 arripe
1054 2125 1133 2183 cela.
1180 2128 1207 2182 el

186 2220 286 2275 tamea
307 2215 384 2273 leae
400 2216 507 2288 priapo
524 2215 746 2288 praeterlabare
768 2232 880 2274 occasa
904 2220 957 2274 est:
982 2213 1101 2273 Aeneae
1125 2212 1205 2271 dixe-

185 2307 236 2362 rat
254 2304 342 2382 longe
361 2322 424 2363 esse
443 2303 574 2377 Italiam,
597 2323 702 2362 verum
724 2324 761 2362 ne
784 2303 917 2363 taedium
940 2322 1028 2363 senex
1050 2304 1205 2378 pateretur

185 2395 310 2471 longam
328 2412 450 2469 sperans
468 2411 621 2469 superesse
640 2392 873 2471 navigationem,
892 2390 1124 2451 sollicitudinem
1141 2391 1204 2450 eius

185 2483 302 2541 relevat
325 2481 497 2556 spondendo
519 2483 687 2557 proximam
710 2484 740 2540 et
763 2500 834 2541 usus
857 2485 901 2541 est
924 2481 1004 2540 dicio
1024 2499 1098 2551 soce,
1118 2481 1205 2555 quasi

140 2594 170 2634 aa
184 2572 249 2629 iam
271 2590 363 2630 manu
385 2571 481 2629 teneri
503 2570 650 2647 potuisset
674 2564 727 2629 aut
750 2571 843 2630 oculis
867 2570 954 2629 cerni.
993 2570 1065 2629 licet
1088 2571 1136 2644 sit,
1158 2570 1203 2627 in·

186 2662 263 2736 quit,
282 2661 426 2737 proxima,
444 2679 538 2735 usque
561 2659 635 2720 adeo
658 2662 693 2719 ut
715 2658 914 2720 demonstrari
932 2662 962 2718 et
980 2659 1077 2719 videri
1099 2660 1204 2735 possit,

184 2752 288 2809 tamen
316 2749 515 2826 conprehendi
541 2769 601 2808 non
628 2753 740 2825 potest,
768 2750 827 2808 nisi
856 2749 893 2808 ad
917 2768 982 2808 eam
1006 2749 1097 2809 fuerit
1120 2749 1204 2809 nari-

185 2842 300 2918 gaium.
346 2839 423 2898 hano
450 2841 548 2915 arripe
574 2839 661 2898 velis:
694 2839 873 2898 facilitatem
896 2838 1012 2897 nitendi
1034 2838 1132 2897 voluit
1155 2838 1204 2896 de-

184 2931 362 2987 monstrare.
399 2926 552 2987 Aasoaiae
569 2946 645 3001 pars
663 2929 718 2987 illa
731 2930 837 3002 procel
855 2947 944 3001 quara
956 2930 1067 3001 peredit
1082 2925 1205 3001 Apollo:

139 3040 170 3081 ao
186 3017 268 3093 quod
296 3019 340 3075 cit
367 3035 432 3076 ecce
461 3017 691 3076 demonstrantis
720 3021 777 3091 est,
802 3018 859 3077 hoc
882 3020 927 3077 est
950 3017 1031 3093 quod
1054 3016 1204 3091 conplevit

185 3105 312 3165 dicendo
344 3108 460 3181 partem
492 3125 554 3165 esse
586 3106 694 3165 Italiae
728 3126 803 3183 quae
838 3107 984 3183 templum
1016 3104 1204 3182 praeferebat

184 3194 346 3272 Apollinis.
392 3196 548 3253 constabat
585 3198 686 3254 autem
722 3196 810 3273 longe
847 3216 908 3255 non
944 3215 1006 3256 esse
1044 3194 1203 3253 discretum

258 3370 274 3418 5
294 3381 345 3419 eoa
363 3382 462 3433 raeque
480 3365 532 3417 LR
550 3372 576 3420 et
593 3383 711 3436 corcyrae
730 3366 773 3420 ed.
791 3369 794 3435 Ι
816 3363 1028 3435 disponerem
1042 3362 1166 3416 carrad.

183 3442 203 3490 6
222 3437 327 3491 iuberet
344 3382 395 3488 1⁹1ss
413 3438 487 3503 fieret
505 3437 547 3489 ed.
627 3442 660 3490 10
680 3453 733 3506 qao
751 3437 804 3490 Lll
821 3438 893 3506 qaod
912 3436 954 3490 cd.
1034 3439 1137 3487 11-12
1157 3434 1203 3488 sed

183 3525 240 3577 qua
257 3506 311 3560 Lll
329 3524 349 3560 s.
369 3509 440 3575 qaod
458 3509 482 3562 is
501 3508 543 3562 ed.
563 3525 583 3562 s.
604 3509 676 3577 qaod
694 3525 754 3562 nos.
827 3514 859 3561 12
879 3509 928 3575 qai
945 3507 970 3561 ei
987 3505 1040 3558 LR
1058 3506 1104 3560 cci
1123 3505 1166 3560 ed.

186 3585 221 3631 15
240 3580 297 3634 diei
315 3578 336 3630 L
356 3577 400 3631 dei
417 3578 440 3631 R
464 3580 531 3633 dicti
549 3578 575 3630 r'
595 3579 638 3632 ed.
717 3586 749 3633 21
768 3579 967 3649 praeterlabere
983 3595 1010 3631 r.
1078 3582 1122 3628 Ἃ
1136 3592 1214 3629 rese-

183 3652 228 3704 lat
245 3650 271 3704 R
290 3666 356 3703 corr.
378 3668 396 3702 r.
420 3651 429 3718 l
455 3657 483 3705 et
499 3667 567 3705 usas
583 3650 637 3706 th
655 3659 682 3709 et
701 3669 757 3708 om.
773 3652 819 3708 ed.
