2734 4159
155 336 222 402 536
437 333 578 390 DONATI
595 334 765 390 manuele.
782 332 892 390 VERG.

156 504 315 582 pertinent.
365 506 392 565 si
421 505 465 564 sic
494 503 718 581 intellegamus,
745 522 806 562 non
833 502 973 563 cohaeret
998 505 1035 561 ut
1057 502 1183 562 veletur

156 594 282 672 pedibus
305 596 359 653 aut
381 594 438 654 alis
462 594 642 668 ambuletur,
665 592 717 651 scd
740 611 800 652 uon
830 592 894 668 ipse
922 594 967 651 est
993 591 1179 652 intellectus

155 683 225 743 vola
253 683 333 742 enim
361 682 472 742 dicitur
498 682 597 742 media
626 700 697 758 pars
726 699 834 740 manus
867 684 898 741 et
927 680 1066 757 plautae,
1100 700 1180 757 quac

157 771 287 846 faciebat
319 771 471 832 columbas
493 771 595 830 volare
618 771 673 831 hoc
697 773 743 829 est
773 769 927 829 ambulare
954 788 1044 846 super
1066 770 1180 845 volam,

156 860 234 920 unde
258 864 288 920 et
310 861 444 921 involare
468 859 605 935 dicimus,
627 879 695 919 cum
719 859 833 936 aliquid
855 860 961 919 furtim
979 859 1049 919 vola
1068 878 1180 918 manus
1201 876 1218 917 a

156 949 356 1024 subtrahitur,
380 953 411 1009 et
432 941 567 1009 involare
590 967 722 1023 rursum,
750 967 817 1008 cum
839 948 990 1009 violentae
1012 966 1122 1008 manus
1145 950 1180 1006 in

157 1040 288 1114 aliquem
312 1038 492 1116 dirigrmtur,
515 1040 605 1099 sicuti
623 1038 781 1097 Terentius
805 1037 849 1097 ait
867 1029 947 1119 (eun.
967 1038 998 1111 4,
1017 1038 1046 1112 3,
1068 1028 1102 1118 6)
1128 1039 1179 1111 „iu

155 1130 264 1189 faciem
285 1127 418 1188 involem
440 1126 598 1187 venefico“.
644 1145 710 1186 ecce
734 1126 836 1186 ethic
858 1126 960 1210 volare
986 1127 1090 1202 posuit
1113 1144 1178 1186 am-

157 1218 270 1277 bulare.
315 1218 446 1277 ceterum
468 1217 521 1275 ubi
543 1216 705 1292 pinnarum
725 1215 860 1276 volatum
883 1214 980 1275 dicere
1003 1215 1117 1291 voluit,
1141 1213 1178 1274 de

157 1306 248 1380 caelo,
265 1305 376 1381 iuquit,
394 1324 501 1365 venere
519 1305 669 1380 volantes3
691 1304 793 1364 nullus
812 1306 891 1364 enim
912 1304 973 1363 alio
992 1304 1178 1364 adminiculo
1193 1321 1221 1363 ro

156 1398 256 1471 potest
283 1394 319 1454 de
349 1395 431 1455 caelo
459 1394 643 1454 descendere.
689 1412 724 1453 ac
751 1413 788 1452 ne
816 1394 905 1454 buius
934 1395 979 1452 rei
1008 1396 1181 1453 remaneret

155 1485 316 1558 incertum,
347 1484 429 1543 iufra
451 1483 582 1544 ostendit
605 1484 737 1559 apertius
761 1482 833 1559 quid
859 1482 915 1542 hoc
938 1483 1004 1543 loco
1027 1482 1182 1560 significet

156 1573 296 1633 volando.
342 1574 512 1632 cumcuim
534 1574 654 1633 tantum
680 1574 775 1631 issent
800 1571 926 1648 pedibus
953 1574 1103 1647 quantum
1127 1570 1179 1631 ob·

158 1663 305 1723 servantis
329 1662 409 1721 oculi
432 1664 518 1737 sequi
539 1662 717 1738 potuissent,
746 1661 827 1729 inde,
859 1662 973 1736 inquit,
999 1661 1055 1720 cdi,
1073 1677 1182 1721 emere

157 1752 198 1811 ad
215 1754 316 1827 fauces
331 1752 525 1827 precedentis
538 1749 660 1819 Auerni,
683 1751 788 1809 tolleret
804 1767 836 1809 ce
854 1751 957 1810 celeres
975 1750 1182 1825 qudumqac
1196 1768 1223 1811 u

151 1859 209 1916 per
231 1859 303 1901 cera
326 1840 428 1914 lapsae
445 1841 562 1900 sedibus
580 1841 686 1913 optatis
703 1840 820 1914 pomino
837 1856 927 1913 caper
945 1840 1049 1899 arbore
1066 1840 1181 1900 aalma.

156 1929 342 2006 patefactum
375 1933 421 1989 est
460 1929 495 1988 de
530 1947 589 2005 quo
621 1927 722 2004 potuit
756 1927 902 2003 dubitari3
939 1927 1064 1987 dicendo
1098 1930 1183 1987 enim

156 2020 268 2079 tollunt
291 2038 322 2079 se
346 2019 467 2094 celeres,
495 2038 532 2077 ne
560 2037 683 2097 gravem
712 2015 832 2077 odorem
855 2017 970 2077 Averni
991 2019 1182 2093 paterentur,

157 2112 188 2168 et
215 2108 350 2168 addendo
377 2107 584 2184 liquidumque
607 2126 661 2183 per
686 2125 756 2166 aera
783 2106 885 2182 lapsae
913 2106 1045 2166 ostendit
1072 2108 1182 2184 procul

157 2196 247 2256 dubio
272 2217 322 2257 eas
344 2216 439 2273 usque
462 2197 501 2255 ad
519 2196 673 2257 Avernum
696 2195 825 2254 volando
848 2196 904 2253 boc
927 2198 972 2254 est
994 2195 1181 2256 ambulando
1195 2216 1220 2256 ec

156 2287 326 2362 pervenisse
353 2288 397 2360 et,
429 2305 497 2346 cum
524 2287 587 2345 eius
620 2286 843 2363 graveolentem
878 2284 997 2344 odorem
1024 2285 1104 2344 ferre
1127 2304 1180 2344 ne-

158 2376 306 2449 quissent,
333 2376 389 2433 alis
418 2378 567 2451 quaesisse
595 2373 769 2435 transeundi
798 2367 921 2452 [viam],
951 2376 986 2432 ut
1015 2393 1069 2449 per
1100 2378 1180 2434 aeris

159 2464 322 2540 puritatem
345 2464 458 2540 lapsae,
480 2468 515 2523 ut
537 2466 653 2524 factum
676 2466 730 2537 est,
755 2462 873 2522 oblatae
892 2462 1006 2522 arboris
1025 2462 1181 2523 destinata

159 2552 373 2629 contingerent.
429 2553 569 2613 sederunt
600 2554 695 2630 igitur
727 2551 881 2611 columbae
919 2554 1055 2630 geminae
1089 2572 1180 2629 super

159 2640 295 2699 arborem
318 2644 475 2718 geminam.
521 2644 618 2719 ipsam
644 2645 723 2701 euim
748 2640 957 2719 significabant
974 2660 1099 2700 numero
1124 2642 1179 2701 du·
1193 2662 1220 2703 aa

157 2729 230 2806 plici
254 2750 330 2805 quae
353 2730 489 2790 frondem
513 2731 662 2805 duplicem
685 2732 902 2806 materiamque
920 2729 1070 2806 portabat.
1108 2750 1180 2792 mox

157 2820 260 2897 igitur,
279 2820 314 2877 ut
332 2838 420 2894 super
439 2838 506 2879 eam
524 2818 672 2893 sederunt,
691 2819 815 2879 discolor
828 2820 907 2879 unde
925 2821 994 2879 acri
1006 2837 1065 2893 per
1077 2838 1180 2881 ramos

158 2926 237 2968 aare
254 2909 386 2982 refulsit:
408 2911 521 2983 statim,
539 2910 649 2983 iuquit,
673 2928 708 2966 ex
727 2928 762 2968 ea
786 2928 863 2985 quae
881 2908 986 2969 viridis
1009 2910 1070 2967 fuit
1093 2910 1180 2969 aliud

159 3016 251 3075 genus
275 2997 382 3055 coloris
406 2997 519 3056 effulsit
537 2999 568 3054 et
586 2997 666 3072 quod
683 3017 792 3075 magno
813 2998 957 3057 desiderio
977 2996 1181 3072 quaerebatur

158 3088 314 3145 inventum
344 3088 396 3145 est.
447 3085 615 3163 ingreditur
642 3086 873 3162 descriptionem
898 3106 958 3163 qua
987 3088 1070 3146 illius
1097 3090 1181 3148 rami
1195 3109 1225 3150 so

231 3297 297 3346 lat
315 3307 368 3346 om.
384 3291 427 3345 ed.
514 3298 630 3360 tecper
648 3290 673 3343 V
689 3308 741 3360 per
758 3291 801 3345 ed,
889 3294 1070 3347 Vterreatius
1088 3291 1122 3346 V.

159 3367 228 3416 7-8
251 3364 404 3431 infaciem
422 3360 510 3417 Villi
531 3362 615 3429 facile
637 3364 668 3416 ic
691 3363 783 3418 oculor
805 3362 848 3418 cd.
873 3364 1027 3418 secuudum
1050 3363 1181 3419 Terentii

157 3434 252 3489 libros.
333 3437 349 3486 8
365 3435 461 3502 poerit
478 3433 504 3486 V
520 3451 548 3502 p.
564 3432 679 3502 proed.
758 3440 846 3488 9-10
865 3435 897 3490 de
915 3436 989 3490 coelo
1008 3451 1062 3492 om.
1078 3435 1122 3489 ed.

160 3511 193 3561 10
211 3507 284 3561 euim
302 3504 328 3556 V
351 3522 371 3560 e.
391 3506 451 3560 aine
473 3505 516 3559 ed.
610 3510 642 3558 16
665 3508 789 3575 comicae
812 3506 855 3560 ed.
952 3511 985 3559 19
1009 3507 1181 3561 ostendit-

158 3582 192 3632 23
212 3578 306 3646 lapsae
325 3593 378 3630 om.
395 3577 437 3630 ed.
521 3581 555 3629 22
573 3577 648 3630 ciam
666 3575 711 3630 vel
730 3576 822 3631 simile
840 3576 949 3645 aliquid
969 3577 1075 3631 excidit
1093 3577 1124 3631 in
1142 3577 1181 3635 V.

212 3654 246 3701 28
265 3649 365 3704 oblitae
383 3648 408 3701 V
427 3648 533 3702 oblatae
551 3646 594 3702 ed.
673 3651 708 3700 24
727 3650 891 3717 coctr'aqeret
910 3648 952 3702 ed.
1026 3654 1060 3702 25
1080 3650 1183 3705 arbore

146 3723 265 3793 camena
284 3720 327 3776 ed,
402 3725 437 3775 22
456 3727 481 3775 et
499 3736 552 3773 om.
567 3718 611 3773 ed.

713 3937 758 3947 ⁴-
