2734 4159
580 328 763 384 AENEIDOS
781 329 807 384 V
1142 328 1207 393 437

194 516 253 573 qua
282 515 371 556 causa
399 498 588 573 descripserit
610 518 768 574 possumus
792 500 958 557 aestimare.
1004 496 1107 557 debuit
1130 498 1209 555 enim

192 606 335 664 magnum
359 586 481 662 aliquod
505 590 534 645 et
557 588 714 663 pulchrum
732 587 802 646 inde
820 587 977 662 procedere
995 585 1048 645 ubi
1065 604 1209 663 personae

193 677 318 750 potioris
341 677 487 751 reliquiae
510 676 696 744 tenebantur.
741 677 878 749 obstipuit
899 679 965 735 uisu
988 674 1119 736 Aeueas:
1142 674 1263 750 quisito

193 767 273 823 enim
291 784 351 822 non
370 766 530 824 miraretur
547 785 658 825 novum
676 768 775 825 visum
794 768 824 824 et
842 763 1004 843 maguum?
1032 766 1081 825 ille
1094 766 1210 837 aqueae

165 854 291 928 slouqo:
328 873 434 930 agmen
462 854 571 913 dicitur
599 873 658 930 quo
686 855 865 914 naturaliter
896 854 1053 930 inpellitur
1080 871 1210 930 serpens,

192 947 226 1001 ut
249 944 314 1001 loco
337 947 506 1002 moveatur:
531 944 637 1022 anguis
661 963 731 1023 ergo
756 944 894 1022 serpebat
918 945 1045 1021 agmine.
1091 942 1210 1001 taudem

192 1036 268 1090 iuter
285 1037 407 1105 poteras
431 1037 457 1091 et
479 1033 555 1092 leuia
572 1033 682 1106 pocula
705 1050 823 1107 serpeus
847 1034 1003 1106 libavitque
1026 1032 1116 1106 dapes
1143 1049 1211 1089 rur-

192 1140 298 1193 susque
329 1124 468 1180 iuuocius
498 1125 557 1181 imo
588 1125 724 1181 suecessit
754 1124 864 1181 tusculo
897 1127 924 1181 et
950 1123 1073 1195 depasto
1100 1120 1211 1179 altorio

193 1212 290 1282 liquit:
313 1211 459 1269 miracula
478 1212 548 1286 alia,
566 1230 626 1270 non
644 1213 748 1270 timuit
767 1213 874 1289 anguis
892 1213 966 1287 ipse,
985 1229 1052 1269 cum
1071 1211 1211 1285 serperet,

153 1320 179 1358 ro
193 1299 396 1374 praesentium
423 1300 578 1358 bominum
606 1304 736 1375 coetum,
768 1303 897 1378 sumpsit
924 1300 963 1359 ad
990 1301 1103 1359 victum
1132 1296 1211 1374 quod

193 1389 290 1447 voluit
317 1392 347 1447 et
375 1407 409 1447 eo
437 1389 514 1448 unde
547 1394 731 1465 processerat
763 1391 907 1449 remeavit
938 1391 1084 1448 innoxius.
1130 1387 1212 1446 color

194 1479 256 1535 eius
281 1482 310 1536 et
334 1478 474 1552 splendor
495 1479 607 1538 idcirco
632 1479 741 1555 speciei
764 1479 886 1538 caelesti
904 1480 1085 1555 conparatus
1104 1479 1158 1550 est,
1176 1477 1214 1535 ut

194 1567 398 1626 ostenderetur
426 1587 485 1625 non
513 1586 547 1624 ex
575 1568 637 1627 illis
665 1586 727 1627 esse
753 1588 881 1645 quorum
904 1566 1080 1627 detestanda
1102 1567 1213 1635 natura

194 1660 239 1714 est
267 1659 296 1714 et
324 1657 416 1715 saluti
442 1656 596 1715 hominum
622 1657 742 1716 infesta.
788 1657 928 1733 denique,
955 1658 990 1715 ut
1018 1656 1131 1715 dictum
1158 1656 1211 1729 est,

154 1765 179 1804 rs
193 1748 337 1821 processit
360 1745 391 1802 in
415 1748 606 1820 conspectum
623 1747 730 1822 populi
748 1747 922 1822 praesentis,
942 1744 1128 1822 amplexibus
1146 1744 1212 1820 pla-

194 1834 268 1892 cidis
291 1836 440 1892 tumulum
464 1835 667 1909 circumdedit,
691 1855 726 1895 ex
750 1836 810 1895 aris
833 1836 992 1910 usurpavit
1015 1853 1092 1910 quae
1115 1833 1213 1892 voluit

195 1926 225 1981 et
247 1923 330 1981 nullo
354 1923 509 1981 bominum
531 1925 612 1984 laeso
636 1926 789 2008 remeavit.
825 1926 878 1983 boc
899 1924 994 1998 iuopis
1016 1925 1144 1996 inceptos
1164 1938 1212 1995 qe-

194 2015 282 2071 uitori
309 2015 460 2071 iustuurat
480 2014 602 2072 bouores
624 2016 752 2073 incertus
772 2016 928 2087 qeuiusmue
950 2014 1005 2072 toci
1026 2012 1210 2085 famulumne
1229 2015 1264 2065 bt>

189 2105 325 2173 parentis
353 2119 412 2160 esse
435 2106 533 2174 putet:
565 2120 632 2161 cum
654 2104 816 2161 miraretur
837 2104 954 2161 Aeneas
977 2119 1031 2160 nec
1055 2101 1128 2161 seire
1152 2100 1213 2159 evi-

155 2209 181 2247 so
195 2190 313 2248 dentius
341 2194 441 2265 posset
469 2192 535 2267 quis
564 2195 641 2251 esset
663 2193 729 2267 ille,
752 2209 805 2250 cur
826 2193 859 2249 in
881 2192 978 2250 lucem
1001 2191 1031 2249 et
1053 2192 1086 2247 in
1108 2189 1213 2248 huma-

195 2299 263 2335 num
299 2283 476 2337 conventum
508 2283 572 2338 tam
604 2280 693 2341 facile
730 2281 922 2357 processisset
960 2279 1099 2355 quodque
1136 2280 1214 2337 esset

195 2368 375 2444 intrepidum
408 2369 488 2444 quod
519 2372 619 2429 tractu
651 2388 705 2430 suo
739 2370 881 2430 ambisset
911 2369 1061 2427 tumulum
1092 2367 1213 2444 totiens,

196 2456 275 2529 quod
308 2457 494 2535 degustasset
526 2478 561 2517 ea
593 2478 672 2535 quae
705 2462 844 2535 apposita
875 2459 996 2517 fuerant
1028 2460 1058 2516 et
1087 2457 1214 2532 depasta

195 2546 366 2620 reliquisset
394 2565 428 2605 ac
455 2547 581 2607 redisset
604 2548 753 2623 innoxius,
781 2550 813 2607 in
835 2550 901 2624 ipso
923 2548 1037 2605 incerto
1061 2548 1145 2605 retus
1168 2547 1215 2605 est

155 2653 180 2692 ss
196 2635 312 2709 aliquid
340 2654 402 2694 esse
430 2636 573 2695 divinum.
620 2637 675 2696 hoc
703 2639 799 2715 magis
827 2636 859 2695 id
887 2639 931 2694 est
962 2635 1073 2695 idcirco
1104 2636 1216 2710 repetit

195 2723 321 2782 honores
349 2727 477 2800 patrios,
503 2745 577 2802 quos
605 2727 795 2802 disposuerat
822 2726 903 2784 facto
931 2725 993 2783 iam
1015 2724 1073 2783 fine
1097 2723 1214 2783 conclu·

196 2812 277 2888 dere,
309 2814 365 2871 hoc
393 2816 439 2872 est
467 2833 485 2872 a
512 2815 610 2874 medio
639 2818 709 2875 actu
738 2815 776 2873 ad
807 2816 929 2873 initium
961 2813 1052 2873 rediit
1082 2815 1215 2871 incertus

195 2904 354 2979 geniumne
377 2903 436 2962 loci
459 2903 643 2963 famulumne
666 2906 800 2981 parentis
820 2922 882 2963 esse
900 2905 994 2979 putet.
1040 2902 1097 2961 hoc
1121 2921 1214 2977 quon-

195 2993 255 3048 iam
284 3011 344 3048 uon
371 2994 473 3066 potuit
504 2996 603 3052 verius
636 2994 789 3054 aestimari
821 2994 990 3052 coniectura
1023 2992 1215 3066 suspicantis

154 3099 181 3139 eo
196 3099 254 3138 non
283 3100 411 3138 vacuum
438 3081 603 3141 iudicatum
631 3086 689 3158 est3
726 3086 780 3142 aut
808 3085 886 3140 enim
914 3082 1019 3160 genius
1046 3081 1105 3139 loci
1128 3082 1214 3155 puta-

195 3169 284 3227 batur
313 3173 366 3228 aut
394 3172 525 3230 famulus
553 3175 662 3249 patris,
695 3191 756 3230 non
788 3173 909 3249 anguis
942 3170 993 3229 sed
1023 3171 1056 3227 in
1086 3187 1215 3247 anguem

196 3277 364 3317 conversus.
410 3262 504 3320 coedit
526 3263 633 3333 quiuos
656 3261 692 3320 de
713 3278 793 3319 more
816 3261 939 3319 bidentis
962 3263 1054 3332 totque
1076 3274 1151 3325 sues,
1176 3261 1215 3315 to·

196 3348 283 3406 tidem
315 3351 447 3421 uiqruut'
495 3354 575 3424 terqo
607 3352 744 3410 iuuencos
775 3352 901 3423 uiuuque
932 3348 1075 3423 fusudebot
1100 3348 1217 3419 puteris

268 3506 282 3551 7
294 3502 510 3569 cursusqueLR.
558 3507 590 3554 15
601 3508 626 3555 et
635 3503 701 3555 ante
711 3502 883 3569 conplexibus
892 3499 1071 3568 interpoled.
1117 3503 1218 3567 ltquo

195 3571 247 3623 LR
267 3590 336 3639 quae
351 3573 393 3625 ed.
452 3577 556 3626 17-18
571 3576 688 3628 incertos
700 3574 807 3643 qeuitor
822 3576 962 3626 iustuueot
975 3570 1035 3625 LR.
1092 3575 1124 3622 22
1139 3573 1218 3623 tuctu

194 3642 247 3694 LR
266 3650 357 3697 tractu
375 3663 389 3696 r
408 3644 452 3698 ed.
519 3650 554 3697 24
572 3651 671 3713 raptus
690 3644 742 3697 LR
761 3644 803 3697 ed.
823 3651 902 3698 ratus
919 3660 943 3696 r.
1006 3648 1044 3695 ‘et
1061 3644 1096 3694 id
1113 3648 1156 3691 esc
1165 3638 1232 3686 KR»

194 3715 242 3767 boe
260 3722 299 3768 est
318 3716 360 3767 ed.
435 3721 469 3768 32
488 3717 560 3771 cedit
578 3718 680 3787 quiuos
697 3715 755 3771 Lu
774 3715 812 3771 cl.
831 3712 985 3771 summu.
