2734 4159
562 326 769 383 PRAEFATIO
1071 326 1175 383 XXVII

120 468 126 483 .
153 499 224 559 dem
251 499 383 558 codicem
410 499 606 574 archetypum
633 500 664 557 et
688 496 818 573 priorem
842 500 872 557 et
894 499 1091 573 posteriorem
1113 496 1173 556 Do-

155 588 221 647 nati
252 590 371 663 partem
403 587 583 648 continuisse
615 586 698 645 haud
728 590 839 646 temere
869 589 1003 646 statuere
1029 586 1174 645 videmur.

154 698 222 737 enm
248 680 279 736 et
300 676 470 736 litterarum
493 695 599 754 genera
623 678 654 735 et
677 675 780 735 crebro
804 675 1047 753 compendiorum
1070 695 1126 736 usu
1144 677 1175 733 et

154 768 303 826 truncatis
326 765 425 825 verbis
448 757 499 847 (cf.
520 767 549 839 3,
564 767 638 825 497.
664 767 715 840 10,
731 757 810 846 231)
834 765 926 840 paulo
953 765 1175 840 impeditiorem

155 856 195 915 ad
227 854 385 933 legendum
416 855 507 914 fuisse
539 874 650 932 magna
682 856 885 913 communium
922 873 1055 913 errorum
1087 854 1175 913 docet

156 947 252 1021 copia.
275 976 320 985 —
349 942 568 1019 correctorum,
595 946 806 1019 praeterquam
834 943 914 1019 quod
941 942 1082 1003 librarius
1109 945 1174 1018 ipse

153 1037 251 1094 semet
283 1052 371 1109 saepe
401 1035 542 1109 correxit,
574 1035 718 1109 quattuor
748 1050 854 1091 manus
886 1032 1015 1092 discerni
1041 1035 1174 1108 possunt.

157 1142 285 1199 quorum
316 1124 452 1197 tertium,
488 1124 540 1197 qui
572 1141 694 1197 perraro
726 1122 867 1196 occurrit,
899 1122 1012 1180 saeculi
1038 1121 1113 1180 XIII
1145 1123 1176 1180 et

157 1215 300 1288 quartum
331 1212 563 1287 frequentiorem
594 1210 708 1271 saeculi
730 1210 802 1269 XIV
833 1217 867 1269 ut
899 1210 1013 1271 nullius
1041 1210 1080 1269 ad
1107 1228 1174 1269 con·

155 1300 340 1361 stituendam
362 1300 520 1361 lectionem
542 1300 632 1376 pretii
655 1299 714 1360 nisi
736 1302 839 1375 paucis
858 1300 932 1359 locis
950 1319 1011 1359 non
1028 1299 1175 1358 curandos

156 1390 265 1467 putavi
292 1388 377 1469 signo
406 1389 540 1449 adhibito
563 1384 604 1447 r''.
651 1391 683 1448 at
705 1391 819 1464 primus
842 1391 873 1448 et
900 1390 1057 1464 secundus,
1087 1407 1175 1463 quem

155 1480 348 1539 subsecutum
381 1497 443 1539 1111
474 1479 544 1537 inde
576 1480 715 1554 apparet,
752 1477 833 1555 quod
865 1479 1014 1555 quaedam
1046 1497 1064 1536 a
1095 1478 1175 1537 socio

158 1571 293 1628 correcta
314 1570 467 1641 retractat,
492 1568 530 1626 ad
551 1566 764 1627 recensendum
784 1570 902 1626 textum
921 1569 1075 1646 egregium
1093 1567 1175 1626 auxi·

157 1659 233 1716 lium
260 1660 423 1733 praestant.
470 1659 568 1716 aetate
597 1676 646 1715 eos
674 1656 798 1715 librario
826 1657 885 1731 ipsi
912 1658 1053 1732 aequales
1083 1658 1175 1715 fuisse

155 1747 330 1806 litterarum
357 1750 388 1805 et
414 1746 600 1805 minusculae
626 1747 739 1804 formae
763 1748 794 1803 et
816 1745 969 1805 immixtae
992 1745 1175 1805 maiusculae

155 1836 278 1910 docent,
306 1839 435 1912 suntque
463 1855 522 1894 non
544 1836 636 1911 pauci
658 1835 718 1893 loci
740 1833 793 1893 ubi
816 1837 917 1893 utrum
941 1836 967 1893 R
989 1837 1054 1911 ipse
1077 1854 1117 1893 an
1139 1833 1175 1894 de

156 1925 274 1985 duobus
298 1926 374 1984 alter
397 1927 609 1984 correctionem
632 1925 738 1983 fecerit
761 1924 891 1983 discerni
907 1943 968 1983 non
986 1924 1089 2000 possit.
1125 1922 1176 1983 sed

155 2014 280 2093 gravius
313 2015 358 2073 est
390 2014 468 2090 qnod
501 2015 578 2073 alter
610 2013 648 2072 ab
680 2014 775 2072 altero
808 2013 895 2091 longe
928 2013 1066 2089 plurimis
1102 2014 1175 2072 locis

157 2103 294 2181 dignosci
326 2104 438 2177 nequIt.
494 2122 585 2178 quare
618 2122 720 2161 eorum
753 2100 962 2161 adnotationes
999 2102 1175 2178 plerumque

158 2194 310 2253 communi
336 2192 421 2270 signo
444 2213 460 2250 r
486 2192 617 2251 indicare
645 2194 719 2251 satis
742 2191 834 2251 habui
856 2191 1018 2267 eodemque
1041 2191 1093 2250 ubi
1116 2192 1176 2267 pri-

155 2300 224 2341 mus
247 2283 333 2340 iuxta
355 2282 516 2341 secundum
539 2280 737 2341 nominandus
761 2283 826 2340 erat
848 2283 993 2357 primum,
1020 2285 1051 2339 at
1074 2300 1176 2340 sccun-

156 2370 230 2430 dum
263 2370 347 2449 signo
374 2366 404 2429 r'
431 2372 543 2430 notavi.
589 2370 758 2447 corrigendi
790 2368 921 2429 officium
953 2373 1078 2446 uterque
1109 2389 1177 2428 cum

157 2460 270 2519 iudicio
299 2463 329 2518 et
354 2460 512 2537 diligentia
534 2461 678 2532 exercuit,
706 2460 758 2517 sed
780 2459 863 2534 prior
884 2458 1021 2517 timidius
1045 2462 1075 2517 et
1098 2462 1177 2517 circa

158 2550 365 2608 manifestiora
397 2549 489 2608 ferme
520 2548 661 2608 residens.
707 2548 803 2606 multo
834 2550 935 2623 potior
962 2548 1039 2607 alter
1067 2551 1112 2606 est
1139 2538 1176 2620 r',

158 2639 247 2697 homo
271 2639 428 2714 perspicax
452 2641 483 2696 et
506 2638 559 2714 qui
580 2638 613 2696 in
635 2637 822 2695 intellectum
845 2639 1060 2696 sententiarum
1088 2656 1176 2714 pene-

157 2729 232 2801 tret,
260 2727 359 2784 audax
384 2727 415 2785 in
439 2727 617 2786 coniecturis
641 2729 732 2801 atque
755 2725 847 2785 etiam
861 2726 922 2785 nbi
945 2729 1025 2785 errat
1047 2728 1176 2803 plerum·

159 2835 217 2892 qua
240 2836 301 2875 non
324 2815 469 2875 absurdus
492 2816 528 2874 cf.
545 2817 573 2889 5,
589 2816 630 2873 48
650 2813 876 2890 ,‚meritasque“.
910 2817 1067 2891 utriusque
1085 2835 1177 2874 manu

159 2905 299 2980 suppleta
316 2906 511 2963 inveniuntur
529 2924 606 2980 quae
624 2904 806 2963 librariuslt
825 2906 936 2979 omisit,
950 2904 1001 2964 sed
1020 2904 1176 2981 aliquanto

158 2996 261 3069 potior
287 2993 343 3053 hac
371 3013 488 3069 quoque
515 2994 548 3052 in
575 3013 608 3052 re
635 2994 758 3052 secundi
780 2996 954 3053 correctoris
977 3013 1048 3054 cura
1071 2997 1116 3053 est
1139 2995 1177 3053 of.

163 3085 191 3156 1,
210 3084 283 3143 233.
316 3085 345 3151 2,
365 3084 438 3142 300.
469 3084 542 3141 446,
575 3086 603 3156 3,
623 3084 697 3141 443,
729 3083 802 3141 628.
832 3084 861 3157 5,
881 3084 954 3142 262.
985 3085 1058 3142 277.
1104 3083 1177 3141 haec

159 3172 369 3248 supplementa
401 3191 468 3230 cum
499 3172 560 3230 tere
592 3171 704 3248 ubique
733 3189 799 3230 cum
826 3170 1028 3231 Laurentiano
1056 3190 1177 3231 consen-

159 3262 252 3335 tiant,
283 3279 402 3321 necesse
431 3264 476 3319 est
504 3280 539 3320 ea
567 3263 621 3320 aut
647 3281 683 3320 er
711 3262 874 3336 archetypo
902 3263 1052 3321 communi
1079 3264 1134 3319 aut
1163 3281 1178 3320 e

160 3348 364 3409 Laurentiano
395 3350 491 3425 petita
524 3368 594 3407 esse.
641 3352 727 3425 atqui
759 3350 817 3409 duo
850 3352 953 3409 extant
980 3351 1040 3409 Ioci
1067 3349 1177 3426 quibus

161 3437 383 3498 Laurentianus
407 3457 525 3515 quoque
549 3438 652 3497 eadem
676 3440 778 3498 omisit
795 3438 834 3496 ad
853 3440 1038 3497 intellectum
1057 3440 1177 3499 omnino

161 3530 327 3611 necessaria
350 3532 380 3586 et
403 3530 482 3587 certe
505 3527 643 3606 genuina,
669 3530 697 3602 1,
713 3529 776 3585 244
802 3530 831 3585 11
856 3530 884 3602 2,
901 3529 951 3586 65.
992 3527 1063 3604 quid
1086 3526 1178 3604 ergo?

162 3636 196 3675 er
219 3618 381 3693 archetypo
405 3617 478 3677 haec
502 3616 641 3692 suppleta
664 3635 726 3675 esse
750 3616 945 3676 statuendum
968 3621 1018 3677 est
1039 3616 1186 3693 proinde-

163 3724 219 3780 que
246 3705 314 3764 aliis
339 3725 456 3781 quoque
481 3706 558 3767 Iocis
586 3706 661 3769 bene
691 3710 833 3772 correcta
859 3708 904 3770 ad
925 3707 1097 3784 archetypi
1114 3704 1220 3761 idm
