2734 4159
594 338 777 395 asumnos
796 339 809 393 1
1166 342 1209 408 ol

189 507 295 586 pelagi
318 508 544 568 demonstraret.
584 510 700 568 interea
723 511 795 584 quia
818 510 909 569 semel
932 512 1065 586 positum
1089 514 1134 570 est
1156 531 1209 587 po-

189 599 266 671 tuit,
291 615 351 656 nos
377 616 437 656 non
464 597 521 657 hoc
547 598 651 674 semel,
679 598 731 657 sed
759 600 877 674 saepius
906 598 1045 660 debemus
1076 602 1208 677 accipere

189 688 250 745 hoc
272 685 375 746 modot
404 685 547 761 Antenor,
571 686 679 763 inquit,
702 688 804 763 potuit
825 688 920 748 hostis
943 688 1082 763 evadere,
1108 691 1209 765 potuit

189 775 331 851 Illyricos
347 777 430 836 sinus
444 778 608 852 penetrare,
621 778 724 852 potuit
736 795 830 854 regna
844 776 1045 836 Liburnorum
1059 797 1209 854 superare,

159 866 295 941 epotuit
317 866 431 923 fontem
449 864 569 923 Timavi
590 867 809 940 transmittere3
833 869 863 924 et
881 883 1022 942 superare
1040 886 1100 925 non
1119 868 1210 928 semel
1282 893 1292 914 ⁶·

191 953 402 1028 accipiendum
420 955 474 1027 est,
487 955 523 1012 ut
541 956 582 1013 sit
600 954 714 1013 fontem
732 972 872 1030 superare
887 954 1006 1014 Timavi
1025 958 1056 1014 et
1069 974 1209 1031 superare

190 1061 287 1121 regna
309 1040 518 1102 Liburnorum.
564 1043 613 1102 hic
640 1047 742 1103 tamen
769 1043 835 1102 ille:
870 1046 903 1103 in
930 1063 989 1104 uno
1013 1044 1155 1104 adverbio
1179 1049 1210 1105 et

191 1132 368 1207 pronomine
391 1131 503 1208 grande
526 1131 643 1207 pondus
667 1132 779 1192 doloris
803 1133 921 1208 adiecit,
944 1134 1002 1209 hic,
1024 1136 1134 1211 inquit,
1152 1134 1209 1194 hoc

191 1224 237 1281 est
264 1222 298 1279 in
325 1220 496 1297 regionibus
523 1221 683 1280 hostilibus
712 1224 743 1281 et
769 1241 823 1298 per
849 1226 896 1281 tot
924 1222 1116 1282 difficultates
1144 1225 1208 1283 sine

147 1330 176 1371 ro
191 1311 372 1384 cuiusquam
393 1309 532 1368 molestia
554 1312 701 1385 transitis,
719 1310 781 1385 ille,
798 1312 855 1370 hoc
878 1315 923 1370 est
945 1313 1034 1371 homo
1056 1312 1208 1372 inferioris

189 1400 294 1457 meriti
325 1400 374 1457 cui
405 1398 557 1457 abundare
589 1400 711 1458 deberet
741 1401 821 1475 quod
848 1403 881 1459 in
909 1402 1000 1461 Troia
1028 1400 1209 1461 Graecorum

189 1506 300 1548 manus
328 1491 477 1564 eraserat,
505 1491 626 1547 tantum
649 1488 804 1549 felicitatis
828 1494 873 1549 est
896 1491 1036 1566 adeptus,
1063 1493 1099 1551 nt
1123 1494 1208 1552 tutus

189 1578 360 1654 transierit,
388 1580 473 1635 tutus
495 1580 678 1653 pervenerit,
705 1581 791 1639 tutus
816 1581 970 1639 civitatem
993 1581 1116 1640 Teucris
1140 1599 1208 1640 con-

190 1666 316 1740 diderit,
344 1670 427 1725 tutus
455 1669 575 1725 nomine
599 1668 729 1727 Troiano
757 1670 884 1727 vocitari
910 1668 1067 1747 indigenas
1095 1671 1209 1745 fecerit,

149 1776 176 1817 ss
190 1759 277 1815 tutus
310 1774 394 1813 arma
426 1754 557 1815 Troiana
593 1757 650 1815 hoc
682 1761 727 1818 est
764 1759 844 1816 victa
875 1760 908 1815 in
938 1778 1040 1818 eorum
1071 1759 1208 1835 partibus

189 1846 291 1904 fixerit
319 1863 393 1919 quos
421 1849 572 1903 constaret
599 1848 727 1905 victores
754 1848 901 1916 extitisse,
928 1851 1013 1906 tutus
1039 1850 1072 1906 in
1098 1849 1208 1924 plenis·

189 1937 268 1993 sima
296 1935 396 2009 quiete
424 1935 573 2009 perduret.
620 1953 685 1994 ecce
714 1936 899 1996 ostendimus
927 1937 1018 1996 semel
1046 1937 1128 1995 dicta
1153 1956 1207 2013 pro

190 2025 312 2099 saepius
340 2023 428 2081 dictis
456 2024 639 2100 accipienda.
686 2025 724 2083 ab
753 2028 975 2084 enumeratione
998 2028 1207 2101 prosperitatis

189 2114 308 2172 alienae
341 2114 451 2171 transit
483 2112 521 2170 ad
554 2115 798 2189 conparationem
829 2133 972 2189 personae
1010 2133 1079 2173 suae
1116 2117 1207 2189 atque

142 2224 173 2264 so
188 2202 311 2260 Aeneae
331 2202 527 2260 etmalorum
546 2201 581 2260 de
601 2202 710 2277 quibus
724 2203 917 2277 querebatur3
938 2204 981 2261 ait
1000 2205 1079 2262 enim
1096 2221 1150 2262 1111
1168 2206 1261 2262 11150

189 2292 315 2366 exponit
338 2291 411 2365 quid
435 2292 475 2349 sit
493 2310 556 2366 nos,
575 2310 757 2367 quamquam
777 2295 815 2365 et,
833 2294 860 2350 si
878 2311 937 2350 non
957 2292 1089 2368 dixisset,
1106 2297 1207 2368 posset

187 2378 342 2457 intellegi,
369 2384 434 2447 tao,
462 2380 576 2457 inquit,
598 2384 766 2454 properiter,
797 2380 854 2439 hoo
882 2383 927 2439 est
954 2383 1018 2440 eius
1051 2384 1104 2456 qui
1136 2381 1206 2442 deos

174 2470 286 2530 omnis
316 2471 346 2527 et
372 2469 508 2527 homines
534 2469 627 2528 habes
654 2472 687 2527 in
709 2473 873 2546 potestate,
897 2470 978 2545 apud
1002 2490 1090 2545 quem
1114 2474 1207 2547 privi-

186 2559 303 2635 legium
330 2559 422 2633 primi
449 2558 559 2635 gradus
586 2559 695 2617 habere
723 2558 886 2618 debuimus.
932 2560 1005 2619 caeli
1027 2562 1132 2633 quibos
1154 2561 1206 2619 od

140 2668 172 2711 2⁶
187 2648 259 2705 111111
289 2664 398 2715 arcem,
429 2649 555 2706 11111111
583 2647 768 2721 (infandum)
797 2650 914 2707 1111111111
941 2651 1031 2707 cuias
1063 2651 1097 2708 ob
1128 2652 1207 2709 irum

181 2735 344 2810 prodimur
375 2740 461 2808 cloec
487 2738 576 2795 Italis
607 2738 690 2811 111111
722 2737 919 2810 disiuepimcr
946 2739 1020 2797 cris:
1056 2738 1127 2797 dum
1155 2758 1206 2814 spe

187 2825 327 2883 ducimur
355 2827 569 2900 promissorum
597 2830 718 2885 tuorum
747 2830 777 2885 et
799 2828 884 2885 navis
908 2829 1062 2887 amisimus
1086 2830 1116 2886 et
1138 2847 1205 2904 pro-

186 2915 312 2973 missam
339 2912 462 2972 Italiam
493 2917 594 2974 tenere
621 2934 681 2975 non
708 2934 874 2991 possumus.
925 2917 1006 2991 quod
1033 2921 1134 2975 autem
1162 2918 1206 2975 uit

187 3004 280 3061 unius
304 3001 342 3061 ob
364 3005 450 3078 iram,
474 3006 587 3079 optime
611 3004 761 3063 adfinem
785 3005 925 3065 dictionis
950 3009 995 3064 est
1012 3010 1204 3065 reservatum.

138 3115 171 3157 ao
186 3112 257 3151 cum
289 3093 371 3149 omni
402 3094 482 3150 euim
509 3093 627 3151 cautela
655 3097 686 3152 et
713 3093 815 3152 ordine
844 3112 896 3154 suo
925 3094 1040 3171 debuit,
1068 3098 1205 3170 quamvis

187 3182 319 3256 oblique,
342 3181 462 3256 pulsare
480 3181 601 3240 Iunonis
624 3184 782 3257 malitiam,
801 3202 848 3256 ne,
867 3183 892 3242 si
916 3184 993 3242 inter
1015 3182 1105 3243 initia
1127 3183 1205 3242 dice-

185 3273 284 3343 retur‚
317 3270 444 3329 offensus
471 3270 608 3347 Iuppiter
640 3290 675 3329 ex
708 3271 840 3331 evidenti
872 3273 981 3331 sororis
1012 3276 1042 3331 et
1069 3274 1205 3351 coniugis

186 3378 259 3419 suae
278 3360 390 3417 iniuria
409 3359 557 3418 desideria
576 3363 606 3418 et
624 3360 815 3421 necessitates
835 3362 980 3437 gementis
999 3380 1060 3420 non
1078 3361 1206 3420 libenter

260 3587 275 3635 6
294 3583 396 3648 sontem
408 3589 475 3637 —et
494 3598 547 3637 om.
567 3582 620 3635 LR
638 3584 682 3638 ed.
702 3584 766 3638 add.
786 3582 816 3637 r'.
891 3588 924 3637 10
943 3586 1071 3639 transitio
1089 3585 1141 3639 LR
1158 3603 1203 3640 eo·

181 3655 290 3723 peratis
309 3654 352 3707 ed.
444 3659 477 3706 12
496 3661 562 3709 11111
580 3653 633 3707 LR
651 3656 694 3710 ed.
719 3662 757 3713 est
774 3673 798 3711 1.
889 3660 927 3711 ib
946 3657 1080 3727 portibus
1090 3656 1155 3709 'nu
1172 3654 1228 3705 111

176 3726 307 3793 portabas
320 3724 383 3775 rin
401 3740 489 3796 marg.
566 3733 718 3789 11111111
737 3729 794 3787 th
813 3738 839 3791 et
859 3747 916 3788 om.
937 3729 985 3786 ed.
