2734 4159
549 297 732 355 AENEIDOS
750 299 764 354 I
1101 298 1164 364 143

150 475 224 547 gunt
246 469 363 542 Musae,
391 463 500 545 quibus
527 467 715 528 tradentibus
742 470 779 544 in
801 487 872 529 usus
894 469 1049 529 hominum
1063 470 1164 552 uenit,
1212 467 1220 501 ·'

149 559 222 617 haee
249 560 280 616 in
309 557 455 636 agonibus
482 558 538 617 hoc
566 561 611 617 est
638 559 731 617 sacris
754 557 967 618 certaminibus
990 560 1163 619 coronatur:

150 666 216 706 ecee
240 666 288 706 ars
311 648 445 721 honesta,
468 647 639 707 convivium
659 637 777 723 quoque
796 666 856 707 non
874 647 1026 707 dissimile.
1063 647 1163 707 videa·

149 754 215 795 mus
240 736 342 811 qualia
365 735 504 796 canebat:
527 736 632 805 decrit,
651 737 760 812 inquit,
779 754 863 810 qnern
880 739 1028 795 maximos
1045 735 1162 807 Atlans,

122 826 204 885 ehoc
228 828 354 883 estnon
381 826 483 901 turpia
510 826 564 884 aut
591 824 731 902 obscena,
762 824 812 885 sed
835 827 988 885 venientia
1010 845 1046 884 ex
1067 826 1164 903 philo·

149 915 271 989 sophiae
290 915 382 989 fonte,
401 933 479 990 quae
503 914 645 973 docuerat
662 913 771 973 Atlans
794 915 952 989 maximus,
974 914 1080 991 plenus
1103 917 1163 975 vir-

149 1008 250 1061 tutum
278 1022 365 1062 verae
394 1003 609 1080 philosophiae.
656 1002 767 1063 dicitur
793 1005 856 1063 iam
884 1002 966 1079 quid.
979 1002 1088 1063 Atlans
1115 1004 1164 1063 vel

150 1095 270 1167 scripsit
292 1092 340 1150 vel
363 1092 477 1172 docuit:
500 1096 646 1152 errantem
667 1093 770 1153 lnnnn
792 1093 918 1165 solisque
940 1093 1061 1162 labores
1085 1094 1163 1151 trac-

148 1184 240 1256 tavit,
262 1182 374 1257 inquit,
398 1200 501 1240 cursus
525 1181 596 1241 solis
620 1184 650 1241 et
672 1181 775 1256 lunae,
802 1184 880 1242 unde
901 1182 1051 1242 hominnm
1071 1198 1164 1258 penne

108 1291 134 1330 ro
149 1276 175 1328 et
185 1272 321 1345 pecudes,
335 1270 413 1329 nnete
426 1272 519 1330 imber
532 1275 558 1329 et
570 1273 660 1345 ipnec,
674 1268 837 1330 Aretnrnns
845 1272 1023 1346 pluviosque
1036 1272 1165 1347 Hyadas

145 1362 330 1433 pentinoeqne
354 1360 488 1428 Triones,
517 1360 589 1433 qnid
611 1359 726 1419 tentnm
748 1377 854 1420 oceano
870 1364 1031 1435 properent
1045 1378 1077 1420 ee
1099 1363 1153 1420 tin·
1166 1353 1218 1413 ⁷46

145 1466 233 1522 prere
260 1449 333 1508 soleo
362 1450 476 1508 hiberni
502 1449 548 1508 eet
574 1467 649 1529 qnae
674 1451 770 1509 tardis
796 1466 879 1509 inore
905 1449 1037 1510 noctibas
1063 1450 1165 1510 obstet.-

148 1556 225 1612 qnae
252 1537 304 1598 ille
332 1538 368 1595 de
391 1557 490 1597 rerum
512 1540 626 1604 natae,
644 1540 832 1615 pertractans
856 1538 957 1598 docuit
979 1539 1052 1599 haec
1074 1538 1163 1615 Iopas

148 1629 178 1684 et
205 1645 277 1685 voce
306 1629 336 1686 et
362 1626 549 1687 iucunditate
572 1627 705 1686 citharae
732 1627 926 1704 personabat,
954 1628 1070 1688 scilicet
1098 1647 1163 1688 our·

108 1737 133 1777 n
148 1716 229 1774 sibus
258 1716 329 1775 solis
358 1719 388 1774 et
415 1717 504 1775 lunae
531 1718 611 1776 stare
640 1716 796 1776 hominnm
828 1735 920 1795 genus
953 1722 984 1777 et
1014 1735 1163 1794 pecorum,

147 1807 293 1864 tractavit
315 1809 346 1863 et
369 1805 517 1881 quomodo
540 1806 650 1865 imbres
674 1808 812 1881 existant,
834 1805 913 1865 unde
936 1808 1164 1867 committantur

148 1894 277 1970 fulgura,
300 1894 380 1952 unde
403 1894 535 1954 siderum
557 1894 703 1955 transitus
726 1895 780 1955 fiat
802 1896 851 1955 vel
874 1895 983 1972 quibus
1007 1914 1043 1953 ex
1066 1895 1163 1955 causis

147 1984 179 2040 in
197 1983 376 2042 brevitatem
394 1987 449 2043 ant
464 1983 683 2062 longitudinem
698 1987 919 2045 commutentur
932 1984 994 2043 dies
1009 1988 1039 2042 ot
1052 1988 1163 2060 noctes,
1218 2024 1220 2027 .

148 2091 225 2147 quae
249 2072 349 2130 omnia
372 2071 411 2130 ad
433 2093 533 2131 rerum
554 2075 695 2133 naturam
717 2075 871 2149 pertinent
893 2076 923 2133 et
941 2072 999 2131 nisi
1017 2091 1037 2132 a
1055 2073 1165 2134 doctis-

106 2181 133 2221 ao
147 2163 230 2220 simis
249 2162 373 2221 tractari
392 2181 452 2221 non
469 2164 603 2239 possunt.
639 2164 823 2237 inpeminant
833 2164 948 2237 planen
963 2162 1047 2237 Tprti
1062 2163 1164 2240 Troesf

147 2268 202 2322 qne
219 2255 394 2324 sequnntur:
416 2252 514 2327 primo
533 2250 610 2309 dixit
628 2252 735 2327 Tyrios
753 2251 895 2328 plausum
914 2250 1037 2327 dedisse,
1056 2250 1164 2311 deinde

147 2340 305 2414 Troianos,
338 2343 502 2400 nescientes
526 2340 606 2399 enim
628 2341 873 2401 consuetudinem
895 2340 1017 2418 reginae
1040 2341 1164 2400 Troiani

147 2428 224 2486 nihil
246 2428 412 2489 debuerant
433 2430 548 2506 priores
572 2428 701 2505 efficere,
723 2448 759 2487 ne
782 2429 815 2488 in
838 2430 939 2506 aliquo
963 2428 1163 2507 displicerent,

148 2519 232 2594 sequi
254 2521 355 2577 tamen
379 2536 429 2578 eos
452 2520 506 2596 qui
529 2537 564 2577 ex
585 2536 668 2578 more
692 2515 842 2579 faciebant
868 2518 1010 2579 nonfuit
1036 2522 1162 2579 temera·

107 2629 133 2667 aa
147 2609 234 2665 rium.
280 2608 415 2667 universi
437 2609 554 2667 interea
576 2606 608 2665 in
630 2608 677 2667 his
701 2606 907 2684 voluptatibus
930 2608 1050 2667 fuerant
1078 2627 1162 2669 oceu-

146 2698 221 2772 pati,
244 2696 300 2755 hoc
323 2700 368 2756 est
391 2697 553 2771 cantando,
577 2696 739 2775 audiendo,
761 2696 933 2774 plaudendo
955 2698 1004 2758 vel
1026 2696 1164 2772 bibendo,

147 2787 252 2863 regina
275 2788 376 2844 autem
398 2804 458 2844 non
481 2803 570 2864 aegre
591 2785 765 2862 petiebatur
786 2790 904 2846 noctem
930 2786 977 2846 his
1006 2786 1163 2865 generibus

146 2874 236 2947 trahi,
258 2873 310 2933 scd
332 2876 399 2949 ipsa
423 2891 540 2951 quoque
563 2893 715 2934 morarum
734 2892 839 2936 causas
856 2876 1037 2953 requirebat,
1056 2876 1163 2953 quibus

148 2962 178 3019 in
205 2963 330 3041 longum
357 2962 478 3040 vigilias
501 2962 635 3040 duceret3
668 2964 737 3024 aliis
761 2965 841 3023 enim
863 2964 1036 3044 potantibus
1059 2966 1163 3025 vinum

107 3072 134 3110 oo
148 3052 214 3127 ipsa
231 3068 363 3111 amorem
382 3052 510 3111 bibebat.
547 3052 657 3112 idcirco
681 3055 726 3113 ait
747 3072 800 3115 nee
821 3071 882 3115 nen
904 3056 1036 3115 etberto
1052 3057 1163 3113 noctem

147 3157 276 3199 sermone
303 3142 435 3201 trahebat
460 3141 565 3214 inseite
586 3141 667 3201 Dide
695 3144 868 3218 lonpninqne
895 3145 1009 3204 bibebat
1035 3159 1164 3201 emnem

220 3329 389 3385 toeraeLR
402 3335 427 3384 et
439 3347 464 3383 o.
475 3329 518 3383 ed.
570 3334 604 3382 10
618 3330 693 3399 ipnia
705 3329 731 3382 R
743 3333 819 3401 ipnec
832 3348 889 3383 r=
900 3329 929 3385 L.
982 3334 1086 3385 14-15
1100 3345 1161 3383 cnr·

147 3402 222 3456 sibus
238 3418 260 3454 c.
279 3408 305 3456 et
323 3402 340 3454 l.
359 3406 432 3456 stare
450 3399 503 3453 LR
521 3399 564 3455 ed.
583 3416 681 3455 enrene
698 3418 718 3456 s.
738 3407 764 3456 et
781 3402 799 3455 i.
813 3402 887 3457 ande
904 3407 989 3457 neree
1005 3420 1028 3456 r.
1084 3404 1117 3454 16
1135 3406 1162 3455 et

147 3473 279 3541 promocio
297 3472 319 3525 L
337 3480 363 3527 et
380 3488 433 3525 om.
448 3471 474 3524 R
493 3471 557 3525 add.
572 3490 593 3525 r.
616 3474 620 3540 Ι
640 3472 762 3527 enatent
779 3472 801 3526 1.
820 3472 863 3527 ed.
882 3474 1003 3528 existent
1019 3473 1052 3527 R.
1074 3475 1078 3542 Ι
1100 3488 1162 3527 enm

146 3545 294 3598 minantur
312 3543 365 3597 th
383 3546 491 3613 (anter
508 3542 544 3613 R)
562 3544 711 3598 mittantur
729 3543 772 3599 ed.
792 3545 995 3599 conensittentnr
1012 3561 1066 3599 noe
1089 3542 1123 3611 ti.
1138 3558 1168 3594 e.

147 3613 349 3683 conficientem).
410 3619 444 3668 20
459 3616 566 3683 planen
583 3613 635 3667 LR
653 3616 685 3669 at
703 3619 760 3685 at
780 3617 928 3687 planiam
943 3614 1097 3684 onodliio
1113 3623 1189 3675 nuo-

147 3702 201 3754 que
219 3684 307 3739 habet
325 3686 366 3739 ed.
441 3690 474 3740 23
493 3687 649 3745 narrent
667 3687 715 3746 ed.
730 3692 740 3762 l
758 3690 862 3762 alieno
875 3688 909 3743 lt
926 3688 964 3742 in
982 3704 1013 3741 o.
1029 3701 1048 3736 n
1062 3678 1154 3730 ahi.
