2734 4159
512 388 515 394 ,
562 333 746 389 AENEIDOS
764 334 803 388 VI
1129 332 1198 397 553
1257 355 1259 359 ·

176 524 237 583 que
260 504 383 565 humare
407 524 467 565 non
489 504 590 580 potuit
613 522 687 578 quos
715 521 784 562 cum
807 502 881 578 ipsis
909 501 1036 561 navibus
1064 501 1199 578 procella

175 592 361 673 perdiderat:
395 592 475 669 quod
502 594 611 653 vitium
642 596 791 670 purgatur
819 610 874 650 nec
901 591 1025 650 Aenean
1055 592 1198 670 aspergit,

176 684 251 760 qnia
279 701 353 759 quos
380 702 440 742 non
469 682 574 741 habuit
601 684 633 740 in
656 683 809 758 praesenti
841 681 966 756 sepelire
998 700 1058 739 non
1090 680 1195 754 valuit,

176 775 282 848 utpote
302 791 376 847 quos
394 774 551 832 ventorum
573 772 723 847 procellae
746 772 916 846 presserant
939 773 969 828 et
991 769 1119 828 inmensi
1142 789 1199 845 per

146 861 297 925 adiversa
318 862 481 937 rapuerant
503 861 618 921 fluctus.

245 950 321 1009 Ecce
340 951 519 1024 gubernator
541 967 602 1008 sese
623 950 788 1008 Palinurus
816 949 932 1022 caelat:
961 948 994 1006 in
1021 948 1077 1006 hac
1105 966 1198 1007 causa

176 1041 269 1098 etiam
283 1039 442 1099 Palinurus
461 1038 771 1115 positusapparebat,
790 1040 841 1111 qai
854 1038 965 1113 Libyco
984 1055 1079 1111 caper
1097 1054 1198 1105 cursa,

176 1129 248 1188 clean
270 1129 370 1188 allero
387 1134 493 1196 seruat,
512 1129 658 1188 exciderat
669 1129 768 1201 pappi
785 1128 890 1186 mediis
909 1128 1024 1199 ecfusas
1042 1129 1074 1185 la
1092 1126 1196 1185 uadis:

177 1216 216 1276 ab
243 1218 332 1276 huius
359 1236 478 1293 quoque
506 1235 577 1276 casu
604 1220 764 1277 excusatur
790 1217 922 1291 Aeneas,
952 1215 1094 1292 quoniam
1118 1216 1196 1274 inse·

131 1329 162 1370 ιο
175 1307 296 1384 pultum
320 1307 476 1366 constabat
499 1325 562 1365 esse
586 1308 678 1365 etiam
701 1305 890 1380 Palinurum3
918 1308 960 1366 sio
983 1305 1062 1365 enim
1086 1304 1197 1363 effusus

176 1398 329 1469 estuari,
353 1414 420 1454 cum
444 1398 520 1454 esset
542 1398 607 1472 ipse
635 1415 754 1471 quoque
777 1395 895 1453 Aeneas
922 1396 963 1453 in·
977 1394 1098 1471 pelago:
1123 1413 1194 1469 quo·

176 1484 264 1544 modo
287 1487 383 1563 igitur
406 1484 526 1560 sepeliri
543 1484 644 1561 potuit
663 1504 751 1560 quem
770 1488 928 1559 exceperat
945 1482 1075 1543 latitudo
1094 1482 1196 1560 pelagi

176 1574 260 1633 etin
288 1574 411 1632 litorum
439 1577 544 1653 ignota
573 1572 801 1633 transvexerat?
838 1574 881 1633 sic
909 1592 980 1650 ergo
1010 1571 1195 1631 ordinandus

177 1665 223 1722 est
246 1681 361 1736 sensus,
389 1682 426 1721 ne
454 1662 507 1722 fiat
530 1664 652 1737 vitium,
685 1666 720 1721 ut
748 1665 781 1721 in
807 1662 896 1721 undis
924 1663 1034 1722 effusus
1058 1661 1196 1721 videatur

131 1772 160 1814 rs
177 1743 218 1831 (si
236 1752 315 1811 enim
333 1753 378 1811 ita
396 1755 484 1826 esset,
507 1751 567 1811 dici
585 1744 793 1834 convenerat):
816 1754 851 1810 ut
874 1751 914 1811 sit
932 1751 1082 1811 exciderat
1100 1750 1196 1828 puppi

176 1841 302 1916 effusus,
326 1860 392 1901 cum
414 1844 447 1900 in
470 1842 558 1902 undis
582 1844 660 1901 esset
682 1842 738 1901 hoc
762 1844 807 1902 est
829 1842 994 1921 navigaret.
1036 1842 1113 1899 laroc
1136 1841 1252 1899 abiait)

174 1933 225 1989 ala
242 1932 336 1989 malla
353 1936 496 1991 maestam
515 1934 645 2007 cognorit
661 1934 696 1991 la
713 1926 828 1999 embra,
847 1933 889 1991 sic
906 1933 994 2005 prior
1012 1930 1196 2004 adloquitur:

174 2019 291 2078 tardius
315 2039 474 2097 agnoscere
498 2023 627 2080 amicum
646 2022 759 2081 crimen
782 2023 828 2079 est
845 2022 1018 2094 maximum,
1042 2018 1196 2079 sed'dedit

175 2109 246 2168 huic
275 2112 496 2169 excusationem
523 2128 703 2189 magnarum
730 2109 935 2184 tenebrarum,
967 2108 1045 2167 unde
1075 2108 1195 2167 laudari

131 2220 161 2261 ao
174 2200 275 2274 potius
299 2198 394 2272 debet,
419 2200 491 2275 quia
515 2199 585 2259 altis
607 2200 739 2259 tenebris
758 2202 897 2274 saeptum
914 2199 1016 2274 potuit
1034 2216 1194 2275 agnoscere

176 2290 207 2345 et
224 2307 350 2365 angores
369 2287 432 2347 eius
452 2289 599 2349 contracti
616 2289 718 2348 vultus
737 2288 974 2347 consideratione
993 2289 1102 2346 metiri.
1134 2306 1195 2345 non

175 2380 275 2436 autem
299 2378 514 2452 exprimeretur
536 2377 655 2437 Aeneae
683 2376 768 2436 dolor
796 2380 902 2453 captus
930 2397 965 2437 ex
988 2395 1036 2451 eo,
1066 2376 1093 2436 si
1114 2375 1194 2435 Pali·

175 2485 284 2524 nurum
321 2466 475 2525 induceret
506 2466 603 2543 primo
636 2466 817 2542 loquentem.
874 2469 940 2539 qais
972 2468 1010 2534 le,
1042 2464 1195 2533 Palinure,

174 2556 295 2614 alcoram
326 2558 434 2628 maaet
463 2556 548 2615 aclis
576 2556 726 2628 medioque
754 2557 809 2614 sab
837 2573 962 2630 aequore
992 2556 1112 2614 mersit?
1148 2555 1196 2613 dic

131 2664 160 2705 25
175 2661 242 2718 aaa:
273 2662 399 2718 caraque
421 2646 493 2703 milri
519 2644 616 2717 fallea
645 2646 718 2704 lact
746 2649 814 2704 arete
839 2649 971 2719 repertas
993 2646 1045 2705 lac
1067 2661 1127 2703 aaa
1148 2660 1193 2703 re·
1252 2663 1255 2671 ·

174 2750 280 2807 sponso
299 2736 432 2793 animam
451 2734 556 2794 delasr't
573 2732 689 2808 Apollo,
713 2736 764 2807 qai
781 2736 845 2808 fore
863 2739 888 2795 te
901 2737 992 2808 parato
1013 2734 1250 2793 incolumemeco

173 2824 300 2896 ficisque
331 2824 454 2883 caaelat
484 2827 638 2882 oealecrara
670 2822 829 2883 Ausonios.
880 2842 915 2882 err
946 2826 1017 2882 laec
1041 2823 1194 2896 marusa

174 2913 247 2983 fides
271 2913 332 2971 est?
364 2912 411 2972 dic
429 2911 513 2986 mihi,
536 2913 645 2988 inquit,
669 2912 736 2988 quis
755 2914 812 2972 iste
830 2912 870 2971 sit
889 2912 961 2972 deus
980 2911 1032 2988 qui
1050 2930 1194 2987 responsa

174 2999 324 3077 Apollinis
352 3021 469 3077 semper
493 3001 568 3059 mihi
591 3001 651 3061 fida
673 3003 705 3060 iu
729 3002 797 3061 aliis
820 3002 892 3061 fatis
915 3001 1015 3078 potuit
1038 3020 1192 3077 superare3

132 3110 160 3150 so
174 3089 254 3149 idem
277 3092 357 3149 enim
380 3093 410 3149 te
434 3091 544 3169 Apollo
568 3091 690 3150 Italiam
713 3110 827 3149 mecum
852 3094 1010 3151 venturum
1035 3092 1193 3165 cecinerat,

174 3182 209 3238 ut
231 3180 331 3240 decuit
359 3183 388 3239 et
416 3199 531 3240 munus.
578 3181 688 3256 Apollo
715 3200 879 3256 numquam
909 3179 945 3239 de
971 3179 1114 3239 Palinuro
1138 3179 1194 3237 ali-

246 3375 262 3421 4
281 3373 438 3437 peccatoram
452 3368 589 3437 procellae
605 3375 781 3435 praesecaret
799 3368 832 3423 V.
913 3374 929 3422 8
948 3370 1057 3435 refusas
1074 3367 1105 3421 in
1123 3366 1195 3420 lem-

173 3441 250 3493 mate
273 3442 376 3507 effaaas
399 3438 428 3491 in
452 3438 568 3507 interpr.
582 3439 615 3492 V.
709 3444 743 3492 10
760 3441 800 3495 eie
818 3440 843 3494 V
866 3442 891 3494 si
909 3440 952 3493 ed.
1045 3444 1078 3492 13
1102 3446 1192 3494 traca·

173 3517 304 3565 aeaerarrt
321 3511 355 3565 V.
429 3515 463 3564 15
481 3511 521 3565 sie
539 3509 565 3564 V
582 3511 609 3564 ai
627 3510 670 3566 ed.
688 3512 692 3579 Ι
713 3511 770 3565 elici
787 3517 949 3566 converrerat
966 3510 985 3564 i.
1000 3526 1023 3565 e.
1042 3510 1073 3563 in
1091 3510 1192 3576 undas,

174 3581 250 3648 quod
269 3582 413 3649 expectari
431 3580 464 3636 D.
479 3584 564 3652 putat
581 3580 616 3635 cf.
627 3586 725 3648 t,344,
744 3580 794 3635 ubi
812 3580 944 3635 similiter
962 3597 1025 3635 cum
1044 3580 1113 3635 vitio
1132 3582 1192 3650 opi-

173 3655 241 3707 nato
260 3651 446 3707 conflictatur.
511 3658 543 3706 19
563 3653 680 3708 laudare
698 3652 731 3706 V.
796 3657 829 3705 31
849 3659 881 3706 et
898 3653 993 3707 docuit
1010 3658 1035 3706 et
1052 3669 1154 3706 maaca
1167 3652 1193 3704 V

172 3741 226 3779 om.
243 3723 285 3777 ed.
305 3730 337 3777 at
355 3725 445 3780 decuit
458 3730 488 3779 el
505 3741 608 3780 macas
625 3723 653 3778 Η
670 3740 722 3779 nos
739 3723 759 3779 i.
773 3738 798 3778 e.
817 3722 1035 3795 gubernatam.
