2734 4159
583 328 766 383 AENEIDOS
784 329 810 381 11
1143 328 1206 392 163

191 500 326 570 mactari,
349 498 465 555 alienus
489 498 604 555 scilicet
627 516 645 555 a
667 498 788 556 natione
812 496 999 557 Graecorum.
1044 516 1109 557 ecoe
1133 516 1206 573 quo-

191 586 278 643 modo
298 588 440 660 conponit
457 587 549 644 fuisse
567 603 751 661 responsum,
765 589 799 644 ut
817 604 921 645 revera
939 585 1089 645 videretur
1107 587 1205 646 inimi-

192 693 242 732 cus
263 677 326 731 eius
345 676 529 732 occasionem
543 674 709 752 repperisse
724 693 784 751 qua
798 694 864 733 eum
880 675 990 733 diceret
1004 675 1205 735 occidendum.

184 782 308 837 >caesae,
340 763 453 838 inquit,
486 763 611 839 virginis
643 766 788 841 sanguine
819 764 963 839 placastis
991 767 1108 837 ventos,
1138 784 1205 824 cum

166 855 285 911 oiretur
309 851 347 910 ad
366 853 495 925 Troiam,
513 853 658 929 sanguine
681 852 845 928 quaerendi
867 851 993 911 reditus:
1017 853 1121 929 utique
1145 855 1205 915 alia

190 944 275 1017 virgo
299 941 402 999 debuit
424 940 520 999 occidi
542 942 580 1000 ob
602 941 740 1014 reditum,
767 941 827 1016 sed,
846 943 917 1018 quia
939 942 972 999 in
995 941 1124 1000 exercitu
1147 941 1206 1001 viri

190 1029 397 1089 tantummodo
425 1030 556 1104 fuerant,
585 1030 662 1088 dixit
689 1030 780 1090 fuisse
807 1031 901 1090 talem
923 1032 1058 1105 responsi
1080 1034 1205 1107 partem,

190 1125 225 1177 ut
252 1121 314 1177 iam
336 1139 395 1179 non
419 1138 518 1194 sexus,
546 1119 598 1178 sed
620 1120 792 1193 cuiuslibet,
816 1119 922 1179 Graeci
946 1118 1113 1191 dumtaxat,
1137 1138 1205 1194 pro·

190 1208 342 1268 videretur
371 1208 519 1267 interitus.
564 1209 646 1282 aaut
677 1226 753 1281 quae
783 1226 839 1267 aare
871 1213 903 1267 ut
935 1210 1014 1266 oculi
1044 1209 1084 1266 ad
1112 1211 1204 1276 auris,

151 1320 176 1357 ro
190 1299 352 1369 obstipuere
374 1299 467 1356 adimi
486 1297 656 1370 polidusque
673 1316 731 1371 per
752 1300 813 1357 imo
836 1300 965 1357 cucurrit
986 1314 1054 1355 ossa
1081 1301 1194 1365 tremor,
1207 1305 1258 1354 120

190 1389 237 1443 rell
260 1387 326 1457 sata
344 1389 461 1459 pareat,
484 1405 568 1458 quem
585 1392 691 1459 poseat
712 1385 832 1460 Apollo:
856 1405 923 1445 oum
946 1386 1056 1445 diceret
1075 1386 1206 1462 aliquem

190 1495 224 1532 ex
248 1475 385 1533 omnibus
409 1475 610 1549 occidendum,
632 1495 693 1535 non
716 1476 847 1535 inaniter
870 1476 1023 1535 subiunxit
1051 1477 1204 1536 universos

190 1564 329 1622 metuisse
358 1566 551 1639 supplicium3
584 1565 764 1641 generalitas
793 1565 872 1623 enim
899 1584 988 1640 quem
1010 1566 1117 1624 fuisset
1139 1583 1204 1641 spe-

190 1654 307 1711 cialiter
328 1654 484 1728 proditura
506 1653 674 1712 habebatur
700 1654 854 1713 incertum.
899 1656 946 1713 liic
967 1655 1088 1713 Ithacus
1109 1658 1204 1713 autari

150 1760 174 1801 rs
188 1759 295 1815 urapuo
321 1742 482 1801 Calchanta
504 1743 630 1800 turnultu
647 1744 796 1815 probabit
813 1745 846 1801 iu
863 1745 981 1811 medios,
999 1761 1078 1814 quae-
1091 1746 1152 1801 siut
1170 1761 1204 1802 eu

187 1833 313 1889 u=uruiua
343 1832 443 1889 dlouru
470 1834 598 1904 flapltat:
635 1850 701 1891 ecce
733 1835 855 1891 excusat
883 1830 1088 1891 Calchantem:
1125 1852 1205 1891 nunc

188 1921 267 1976 enim
291 1920 364 1978 dicit
387 1922 449 1978 vim
471 1939 601 1997 passum,
620 1924 654 1979 at
677 1920 756 1980 falsa
778 1940 832 1995 pro
856 1923 934 1981 veris
953 1921 1073 1995 diceret,
1092 1922 1203 1997 inquo

187 2011 254 2082 ipso
278 2013 309 2067 et
332 2028 349 2065 a
372 2027 499 2083 persona
522 2012 748 2087 argumentatus
771 2013 825 2083 est,
849 2012 920 2086 quia
938 2010 1048 2068 Ulixen
1071 2009 1204 2068 adseruit

187 2100 219 2154 in
246 2098 454 2173 perpetrandis
482 2098 641 2157 sceleribus
673 2099 832 2158 eruditum.
879 2104 905 2158 et
931 2100 1003 2157 ruilu'
1028 2102 1090 2158 laur
1118 2100 1203 2157 uultl

147 2210 173 2246 20
188 2188 302 2245 crudele
324 2188 466 2246 oaucbout
487 2190 610 2259 artificis
632 2190 726 2246 scelus
749 2192 775 2246 et
797 2190 877 2247 taciti
898 2193 1023 2246 ocutura
1049 2188 1256 2246 aidebout.125

187 2277 232 2333 bis
254 2279 358 2347 quinos
379 2277 444 2334 silet
465 2276 515 2335 ille
537 2278 599 2337 dies
622 2281 765 2348 lectusque
786 2282 903 2336 recusat
919 2278 1045 2350 prodere
1062 2294 1128 2336 aooe
1145 2294 1203 2336 sua

187 2382 360 2437 queuequaru
382 2371 435 2424 aut
456 2383 599 2439 opponere
621 2367 716 2424 uerti.
757 2367 807 2424 aia
829 2367 947 2424 laudem
968 2369 1084 2439 mapula
1106 2367 1202 2425 Itbaci-

186 2455 362 2512 clamorlbus
376 2460 457 2513 octus
471 2457 616 2528 eouposito
634 2457 746 2528 rumpit
762 2471 858 2513 aecem
877 2460 903 2513 et
919 2473 965 2513 me
983 2457 1109 2513 destillat
1121 2474 1200 2515 orae.
1283 2521 1285 2525 ,

186 2544 340 2601 adsensere
363 2560 461 2603 undas
483 2549 509 2601 et
531 2562 605 2617 quae
627 2544 684 2602 sibi
707 2546 827 2617 quisquc
849 2545 965 2602 timebat
982 2546 1073 2603 auius
1089 2546 1122 2603 iu
1139 2547 1256 2603 rai-130

145 2654 171 2691 25
185 2635 244 2690 seri
268 2633 387 2689 exitium
409 2650 547 2691 caucaso
570 2635 673 2692 tulere:
696 2634 726 2690 in
750 2635 816 2707 ipso
837 2633 991 2692 mendacio
1010 2636 1116 2692 cautus
1134 2634 1202 2708 fuit,

186 2741 223 2779 ne
256 2721 364 2797 dignus
396 2721 547 2779 videretur
583 2724 636 2797 qui
666 2725 821 2798 pateretur
851 2722 933 2781 talia.
989 2724 1015 2782 si
1047 2724 1126 2781 enim
1156 2726 1202 2783 ite

185 2813 310 2882 vixerat,
333 2814 368 2867 ut
391 2812 486 2868 omnis
510 2829 579 2870 suos
601 2811 754 2871 habuisset
776 2811 922 2887 inimicos,
945 2830 999 2871 nec
1023 2830 1041 2869 a
1064 2812 1201 2871 Troianis

185 2902 306 2958 veniam
328 2901 439 2956 meruit
461 2900 619 2974 inpetrare.
665 2901 762 2959 solum
786 2920 855 2979 ergo
879 2899 952 2959 dicit
975 2901 1116 2961 infestum
1143 2900 1201 2960 sibi

184 2988 295 3045 Ulixen
326 2988 432 3063 trisse,
465 3008 553 3064 quem
585 2990 664 3047 iusta
697 3008 733 3047 ex
764 3008 855 3049 causa
890 2990 1002 3049 fecerat
1037 2990 1200 3048 inimicum.

142 3101 169 3147 so
186 3077 312 3135 Calchas
340 3077 419 3134 enim
447 3082 478 3136 et
505 3081 624 3136 coactus
652 3078 723 3137 fecit
750 3083 781 3138 et
803 3080 855 3137 diu
878 3079 954 3136 nihil
976 3078 1072 3137 voluit
1095 3079 1200 3151 dicere,

184 3187 219 3223 ex
239 3168 276 3223 iis
295 3169 397 3224 tamen
415 3186 491 3242 quae
510 3167 712 3225 insinuatione
729 3167 826 3226 Ulixis
848 3171 1002 3243 acceperat
1023 3185 1132 3244 magno
1155 3169 1201 3224 in-
1234 3174 1236 3178 ‘

184 3256 309 3314 solentis
334 3258 363 3314 et
386 3257 546 3330 perniciosi
568 3256 697 3315 hominis
719 3256 852 3314 tumultu
869 3260 1049 3331 provocatus
1068 3256 1144 3313 dixit
1162 3255 1200 3313 ad

183 3346 239 3401 illa
277 3344 421 3402 sacrificia
454 3344 573 3403 Sinonis
610 3332 786 3420 sanguinem
822 3346 977 3420 postulari.
1029 3364 1087 3420 quo
1119 3346 1200 3403 facto

220 3554 223 3558 ⁴
260 3575 292 3620 14
307 3570 456 3636 proditura
474 3569 526 3621 LR
540 3570 715 3637 productura
733 3567 775 3620 ed.
865 3574 898 3621 18
917 3568 1045 3621 adseruit
1058 3568 1120 3618 ihu
1136 3583 1214 3616 usse-

182 3648 252 3696 runt
266 3658 288 3704 r,
303 3640 352 3691 sed
367 3640 404 3692 ad
414 3641 530 3708 pellacis
543 3658 567 3693 v.
579 3644 613 3694 90
626 3638 756 3711 respicit.
819 3645 855 3695 ‘aa
877 3636 1058 3707 feceratis&
1067 3637 1149 3700 ieret
1167 3630 1221 3680 aa.

183 3718 218 3765 30
233 3712 303 3773 secat
317 3710 370 3762 Lu
384 3712 446 3777 fuit
462 3712 504 3766 ed.
582 3719 616 3791 31
637 3715 677 3772 iis
693 3713 754 3772 LR
769 3714 818 3770 his
838 3714 886 3769 cd.
901 3716 916 3785 χ
932 3710 1085 3776 acciperat
1095 3699 1174 3752 m.

976 3796 1037 3852 11·
