2734 4159
575 332 758 387 AENEIDOS
778 332 817 385 VI
1138 331 1205 397 603

186 520 294 577 eorpus
318 503 419 560 autem
441 503 574 577 interire,
597 502 676 577 quod
701 505 839 561 exterra
862 502 1042 577 concipitur,
1066 501 1206 577 spiritum

186 591 331 649 mundum
354 609 426 664 esse,
449 609 556 667 corpus
579 611 650 650 vero
674 591 901 669 contagionibus
924 590 1057 666 plenum,
1081 591 1133 651 sed
1153 591 1205 649 ubi

186 680 218 737 in
246 699 339 738 unum
363 682 546 739 consortium
568 682 719 754 venerint,
747 684 781 738 ut
804 698 910 756 corpus
934 680 1116 757 spiritusque
1138 682 1205 738 iun-

185 771 311 845 gantur,
337 767 477 845 spiritum
504 769 593 829 malis
621 771 753 845 corporis
781 770 935 829 maculari.
981 771 1049 828 diue
1075 774 1206 828 metuuut

157 861 370 931 scupiuutque,
394 858 490 917 dotent
509 859 693 933 paudeutpue
710 877 801 932 ueoue
825 876 917 918 ouras
940 859 1107 933 dispteirmt,
1126 860 1205 919 etau-

184 965 236 1006 sue
260 948 383 1006 teuebrr's
405 951 433 1006 et
454 965 568 1008 earcere
590 965 688 1007 coeco:
710 967 803 1024 usque
827 947 901 1007 adeo
924 967 1031 1024 corpus
1050 948 1205 1008 inimicum

185 1040 231 1095 est
250 1036 278 1095 ei
296 1035 384 1110 quern
402 1037 484 1094 intra
501 1055 531 1095 se
545 1036 644 1110 habet,
658 1038 694 1095 ut
708 1039 747 1096 sit
762 1056 848 1097 caeco
868 1039 980 1096 carceri
1000 1041 1204 1114 conparatum.

186 1125 316 1200 denique
339 1125 485 1200 polluitur
508 1145 595 1185 exeo
616 1129 646 1185 et
663 1127 797 1202 pollutus
817 1127 855 1184 ad
874 1126 1054 1203 supplicium
1073 1126 1205 1185 mittitur

184 1218 343 1289 tamquam
367 1214 404 1272 ad
426 1233 554 1290 poenam
577 1235 612 1273 ex
636 1216 801 1275 carceribus
820 1216 864 1273 rei
883 1219 921 1288 et,
940 1216 1011 1291 quia
1029 1217 1126 1291 perire
1145 1234 1204 1273 non

144 1326 171 1364 10
185 1307 295 1380 potest,
318 1307 465 1380 purgatur
487 1306 600 1379 poeniS,
624 1305 717 1363 donec
740 1304 883 1364 reddatur
905 1305 976 1363 talis
999 1305 1099 1379 qualis
1124 1305 1205 1362 inter

185 1394 275 1451 initia
308 1394 426 1469 corpori
458 1394 557 1452 fuerat
589 1394 761 1453 attributus.
807 1395 879 1467 quur
910 1397 937 1452 et
962 1410 1097 1466 supremo
1129 1411 1195 1451 euru
1206 1398 1245 1447 731

185 1483 296 1541 tumtue
322 1483 384 1541 ritu
410 1484 539 1555 reliquit,
567 1500 627 1541 uou
655 1486 752 1541 tumeu
775 1500 858 1541 oruue
881 1483 993 1541 metum
1016 1483 1130 1541 miseris
1152 1500 1204 1541 uec

183 1572 321 1644 fuudttus
343 1588 442 1630 omues
464 1588 617 1646 corporeae
638 1571 778 1631 excederet
789 1576 886 1646 pestes
899 1573 1074 1645 penitusque
1091 1588 1204 1630 uecesse

185 1664 228 1719 est
248 1662 343 1719 mutto
365 1661 417 1719 dtu
440 1662 571 1720 eouuuu
593 1662 688 1720 modr's
710 1661 864 1721 tuotescere
886 1663 987 1720 ratris:
1012 1663 1099 1720 tanta
1122 1659 1203 1719 labes

143 1770 170 1810 15
185 1752 231 1809 est
254 1751 386 1825 corporis
409 1752 513 1825 itaque
537 1750 677 1827 spiritum
700 1751 819 1826 polluit,
836 1753 880 1825 ut
899 1768 964 1808 oum
989 1753 1094 1808 exutus
1113 1769 1203 1807 mem-

184 1839 246 1899 bris
270 1841 314 1897 ire
338 1838 376 1896 ad
399 1838 510 1898 inferos
534 1841 674 1915 coeperit,
698 1840 789 1915 pestis
813 1842 910 1898 omnis
933 1857 1032 1898 secum
1050 1841 1150 1915 portet
1169 1858 1204 1897 ac

183 1930 272 2000 ferat,
294 1926 420 2003 ideoque
443 1947 504 1988 non
526 1928 605 1988 redit
628 1928 666 1986 ad
686 1930 809 2005 caelum,
829 1930 901 2004 quia
920 1928 1045 1988 caeleste
1063 1930 1204 1986 meritum

184 2017 317 2093 perdidit
338 2017 463 2093 hospitii
486 2018 531 2075 sui
551 2019 728 2096 contagione
747 2020 889 2093 pollutus,
923 2036 1041 2077 necesse
1061 2019 1106 2075 est
1125 2017 1204 2075 enim

184 2107 305 2181 penitus
327 2106 481 2165 inhaerere
505 2106 581 2166 vitia
605 2126 683 2182 quae
701 2108 829 2167 vivendo
850 2106 999 2167 contraxit
1018 2110 1048 2165 et
1066 2108 1204 2165 concreta

143 2214 170 2253 so
185 2213 244 2254 non
277 2194 365 2254 facile
394 2198 526 2273 purgari.
574 2200 741 2256 concretum
771 2197 882 2256 dicitur
909 2197 989 2273 quod
1017 2216 1052 2254 ex
1079 2196 1203 2253 minutis

185 2285 290 2343 multis
312 2285 344 2341 in
367 2303 459 2343 unam
481 2285 617 2344 redditur
639 2304 776 2345 massam.
813 2284 936 2362 perinde
959 2286 1055 2344 multa
1074 2284 1154 2343 mala
1174 2288 1203 2343 et

184 2375 274 2452 longo
303 2377 436 2449 tempore
465 2374 603 2449 collecta,
634 2378 775 2451 quoniam
802 2377 835 2433 in
862 2396 955 2433 unum
983 2377 1013 2434 et
1040 2376 1204 2431 maximum

185 2465 305 2538 coeunt,
334 2462 416 2522 ablui
442 2464 492 2522 vel
518 2465 551 2521 in
578 2482 666 2523 suum
694 2467 807 2523 statum
830 2466 964 2523 revocari
986 2484 1046 2523 non
1069 2467 1203 2539 possunt,

184 2554 244 2611 nisi
275 2552 349 2611 haec
380 2554 425 2610 vis
458 2554 555 2611 maior
587 2553 761 2629 expiaverit.
808 2570 874 2626 erpo
906 2557 1072 2613 euerceutur
1098 2555 1203 2626 poeuis

143 2646 367 2713 seruorumque
393 2642 540 2700 motorum
566 2643 714 2716 supplicio
743 2644 922 2716 expendunt:
956 2643 1066 2718 incipit
1097 2641 1194 2700 dicere
1206 2648 1245 2696 744

185 2747 261 2807 quae
289 2749 416 2806 poenae,
445 2750 521 2806 quae
549 2733 610 2790 sint
636 2733 704 2807 ipsa
727 2732 883 2807 supplicia.
929 2732 1007 2790 uliae
1025 2731 1204 2804 puuduutur

183 2822 288 2879 iuoues
315 2837 473 2892 suspensae
501 2822 542 2879 ud
567 2824 680 2879 eeutos:
717 2820 793 2879 nihil
820 2822 945 2879 interest
972 2824 1076 2880 ventos
1104 2820 1202 2878 inanis

184 2928 223 2967 an
247 2909 362 2968 animas
385 2909 502 2983 dixerit,
527 2912 597 2984 quia
618 2914 778 2985 utrumque
797 2911 846 2968 vel
865 2909 993 2968 alterum
1011 2913 1124 2967 rectum
1144 2912 1202 2981 est3

183 3001 284 3074 potest
308 3001 338 3055 et
361 3000 412 3073 sic,
436 3001 470 3056 ut
493 2999 583 3057 semel
607 3000 740 3074 positum
762 2999 808 3057 bis
832 3000 1023 3074 accipiamus,
1041 3001 1076 3057 ut
1098 3000 1202 3057 inanes

143 3104 170 3143 so
184 3090 301 3146 animae
329 3090 433 3145 inanes
462 3087 500 3146 ad
524 3091 630 3147 ventos
653 3106 815 3163 suspensae
839 3087 1010 3163 penderent.
1057 3089 1125 3147 ultis
1148 3088 1202 3146 sub

255 3298 272 3345 4
296 3293 377 3355 ortatu
399 3293 521 3361 corporis
539 3292 565 3345 V
584 3312 619 3347 ru.
639 3295 798 3363 corporatus
817 3292 860 3347 ed.
970 3299 985 3347 t
1009 3310 1094 3363 uepue
1117 3309 1203 3347 curus

184 3363 336 3431 dispiciuut
354 3363 380 3416 V
397 3380 446 3418 uec
464 3382 489 3418 u.
504 3366 655 3433 respiciunt
673 3366 716 3420 ed.
805 3371 819 3417 7
840 3365 865 3418 ei
883 3381 960 3433 queue
978 3363 1005 3418 V
1023 3365 1072 3418 edI
1089 3366 1203 3432 spiritui

183 3434 317 3503 interpos.
334 3434 399 3488 edl'.
424 3436 428 3503 l
453 3443 624 3504 comparetur
643 3437 686 3490 ed.
774 3442 789 3489 8
806 3437 942 3505 pollutum
961 3436 987 3489 V
1006 3436 1048 3489 ed.
1069 3452 1138 3489 corr.
1158 3436 1201 3489 ed.

182 3510 256 3575 post.
327 3509 342 3556 9
361 3512 387 3560 et
404 3508 596 3561 carceratusV
615 3516 640 3562 et
657 3525 777 3563 carceres
795 3508 837 3561 ed.
904 3513 935 3559 11
956 3508 994 3561 eut
1012 3508 1154 3576 supprimo
1168 3507 1201 3560 V.

240 3582 272 3631 13
292 3577 422 3631 eueiduut
440 3576 473 3630 V.
535 3584 567 3630 lt
587 3587 700 3633 euutuut
719 3580 761 3634 ed.
823 3582 927 3632 16—1‘1
948 3595 981 3632 ac
997 3579 1071 3644 suut
1089 3594 1141 3632 om.
1158 3578 1201 3633 ed.

239 3654 272 3702 28
292 3665 331 3702 uu
349 3664 402 3701 om.
417 3647 443 3700 V
462 3648 585 3704 added.
603 3654 607 3719 Ι
627 3658 729 3706 rectum
748 3664 783 3710 -2-
797 3650 823 3703 V
842 3667 908 3720 ergo
928 3656 975 3716 est,
993 3667 1015 3703 r.
1031 3667 1085 3705 esse
1104 3650 1147 3704 ed.

184 3726 218 3773 29
238 3722 278 3774 sie
296 3725 327 3773 ut
346 3720 369 3770 V
389 3721 429 3774 stc
447 3720 488 3774 oet
506 3720 549 3775 ed.
