2734 4159
562 331 769 388 PRAEFATIO
1083 332 1174 389 XXXI

153 522 225 562 vero
259 503 366 578 quarto
397 503 506 560 itinere
537 502 664 562 Romam
694 501 822 561 revisere
853 521 901 561 me
931 501 1073 561 valetudo
1105 490 1190 577 pro-¹

153 591 285 664 biberet,
311 591 427 666 reliqua
454 611 553 649 meum
579 593 612 649 in
640 608 727 649 usum
755 590 945 650 contulerunt
971 591 1029 649 viri
1059 592 1172 670 egregii

153 681 297 741 Alfredus
319 680 439 739 Monaei
460 680 611 755 professor
633 682 664 739 et
686 678 857 739 Ludovious
880 679 925 739 De
949 679 1066 739 Stefani
1091 681 1171 740 litte·

152 790 256 829 rarum
288 769 405 843 doctor,
437 768 489 844 qui
520 769 612 828 iidem
641 768 717 827 mihi
745 769 782 828 ad
811 769 1009 828 examinanda
1037 788 1113 845 quae
1140 771 1172 827 in

153 858 357 919 Laurentiano
377 876 412 917 ac
425 858 573 917 Vaticano
592 861 662 934 post
680 858 872 917 collationem
895 857 986 916 dubia
1009 860 1173 918 extiterunt

153 967 278 1025 operam
301 965 388 1006 suam
410 950 606 1006 navaverunt.

223 1035 354 1095 Cunctos
380 1038 662 1113 interpretationum
689 1035 781 1096 libros
812 1038 956 1111 quattuor
982 1036 1095 1096 saeculi
1117 1037 1173 1095 XV

154 1127 271 1186 codices
299 1128 465 1199 continent,
490 1125 708 1199 Harlemensis,
732 1123 921 1200 Oxoniensis,
944 1124 1087 1200 Urbinas,
1110 1125 1172 1183 Ma·

154 1216 349 1289 latestianus,
380 1215 600 1274 membranacei
631 1233 747 1289 omnes,
778 1216 876 1290 iisque
909 1216 1031 1290 quintus
1059 1214 1173 1275 accedit

154 1305 296 1364 editionis
319 1305 464 1379 principis
488 1302 714 1379 „arobetypus“.
755 1304 829 1363 duos
857 1306 970 1380 primos
998 1307 1078 1362 totos
1105 1322 1173 1363 con·

153 1394 223 1468 tuli,
238 1392 393 1452 Urbinatis
408 1412 550 1472 magnam
568 1396 694 1468 partem,
708 1392 952 1453 Malatestianum
971 1412 1031 1452 non
1049 1392 1172 1468 inspexi.

154 1502 206 1543 eos
229 1484 263 1541 in
285 1482 414 1541 secunda
436 1482 720 1558 interpretationum
742 1485 829 1558 parte
848 1500 863 1541 e
879 1482 1027 1541 Vaticano
1045 1482 1174 1555 fluxisse,

155 1592 224 1631 cum
251 1571 374 1630 lacunas
402 1590 476 1647 quas
504 1571 536 1630 in
562 1571 618 1630 hoc
646 1574 727 1630 ortas
755 1589 818 1631 esse
848 1590 940 1647 supra
972 1571 1174 1631 demonstravi

155 1662 275 1721 easdem
299 1660 470 1735 exhibeant,
495 1662 688 1720 manifestum
712 1663 764 1719 est.
811 1661 925 1720 accedit
947 1664 982 1719 ut
1003 1662 1036 1719 in
1059 1661 1173 1721 decimo

155 1751 233 1809 libro
267 1750 375 1826 quibus
407 1749 481 1809 locis
513 1769 531 1807 a
559 1750 719 1827 Reginensi
747 1750 885 1810 dissentit
912 1750 1079 1809 Vaticanus
1107 1768 1175 1808 eum

155 1841 211 1899 hoc
231 1840 427 1898 consentiant.
461 1838 573 1898 habent
590 1857 657 1897 eam
676 1857 794 1916 quoque
812 1839 951 1899 lacunam
971 1858 1030 1915 qua
1049 1842 1174 1915 quartus

156 1928 234 1987 liber
257 1928 329 1986 hiat.
375 1928 453 1987 hano
475 1927 618 2004 quoniam
641 1946 732 2004 supra
754 1929 815 1987 iam
838 1930 870 1986 in
893 1928 1055 2003 archetypo
1082 1927 1174 1987 fuisse

156 2017 368 2090 demonstravi,
392 2018 549 2092 suspiceris
568 2018 696 2076 forsitan
715 2035 764 2076 eos
782 2018 814 2075 in
833 2018 931 2093 pn'ma
949 2019 1035 2092 parte
1054 2036 1089 2074 ex
1107 2018 1173 2092 ipso

157 2107 321 2181 archetypo
334 2108 531 2182 transcriptos
546 2124 616 2165 esse.
645 2106 697 2165 sed
716 2124 782 2165 cum
802 2125 892 2182 supra
910 2126 939 2181 p.
946 2105 1060 2164 xxvi]
1074 2107 1174 2164 arohe-

155 2199 265 2271 typum
287 2197 387 2253 totum
409 2194 563 2253 Donatum
590 2195 772 2254 continuisse
799 2195 1037 2272 probaverimus,
1065 2194 1174 2254 mirum

157 2303 229 2343 sane
256 2283 408 2358 videatur,
435 2286 463 2342 si
485 2284 553 2343 illos
576 2286 609 2342 in
632 2286 731 2360 priore
755 2287 841 2360 parte
863 2285 933 2359 hoc,
956 2284 987 2342 in
1010 2284 1175 2360 posteriore

158 2374 218 2433 alio
241 2372 319 2431 libro
342 2391 412 2432 usos
436 2391 499 2432 esse
521 2376 669 2449 putemus.
709 2373 824 2433 accedit
847 2372 925 2447 quod
948 2373 1001 2432 ubi
1023 2374 1049 2432 R
1072 2393 1174 2432 veram

158 2463 316 2537 archetypi
347 2463 505 2522 lectionem
537 2481 668 2521 servasse
700 2462 819 2522 videtur
850 2462 1026 2538 plerumque
1055 2481 1122 2521 cum
1149 2461 1173 2520 L

158 2550 356 2611 consentiunt.
401 2569 455 2609 nec
482 2552 578 2629 magis
609 2571 644 2610 ex
671 2551 846 2629 Reginensis
879 2552 976 2627 prima
1007 2555 1093 2628 perte
1125 2553 1174 2611 ‹ie-

159 2642 264 2717 scripti
287 2658 349 2699 esse
373 2643 505 2715 possunt,
530 2642 602 2715 quia
624 2640 728 2716 aliqua
750 2639 782 2698 in
806 2641 861 2700 illa
883 2643 993 2700 omissa
1012 2659 1078 2700 cum
1096 2639 1174 2699 Lau-

158 2732 297 2789 rentiano
325 2748 456 2807 congrua
483 2729 594 2788 babent
622 2732 652 2788 et
680 2749 756 2805 quae
783 2731 815 2787 in
843 2730 896 2789 illo
923 2731 1049 2790 meliora
1072 2732 1175 2789 extant

159 2823 194 2877 ut
213 2821 243 2890 5,
258 2819 332 2878 495.
353 2820 417 2877 730
436 2821 550 2894 pariter
569 2838 603 2878 ac
621 2817 843 2877 Laurentianus
862 2822 1003 2895 corrupta
1022 2819 1173 2895 praebent.

161 2907 353 2983 quamobrem
377 2926 426 2967 eos
450 2911 485 2965 ut
507 2908 539 2965 in
562 2907 694 2968 secunda
715 2910 801 2983 parte
825 2908 864 2967 ad
881 2907 1062 2968 Vaticanum
1080 2911 1126 2967 ita
1143 2910 1175 2965 in

159 2997 257 3071 prima
285 2996 324 3054 ad
346 2996 582 3055 Laurentianum
608 2996 778 3057 referendos
806 3014 869 3056 esse
896 2997 1096 3057 confitendum
1121 3000 1174 3056 est.

161 3088 191 3145 et
209 3085 387 3144 Urbinatem
410 3085 531 3161 quidem
550 3105 584 3144 ex
602 3088 669 3162 ipso
687 3085 890 3145 Laurentiano
908 3086 1091 3163 descriptum
1112 3104 1174 3146 esse

160 3175 218 3233 loci
233 3174 356 3249 quidam
374 3174 576 3234 demonstrare
594 3174 742 3234 videntur.
773 3177 903 3250 primum
923 3177 1001 3233 enim
1019 3173 1056 3233 ab
1072 3173 1175 3250 „illos“

160 3263 275 3339 incipit,
299 3282 359 3321 non
382 3282 400 3321 a
424 3267 511 3339 „post
532 3262 630 3323 illos“.
675 3264 781 3323 deinde
805 3282 872 3323 cum
894 3263 1113 3323 Laurentianus
1137 3263 1175 3323 ad

162 3354 191 3425 4,
207 3354 270 3411 202
295 3352 362 3411 folii
378 3355 441 3411 110
464 3353 592 3431 paginae
606 3353 635 3411 A
656 3356 775 3429 partem
797 3355 927 3428 priorem
945 3352 1044 3412 verbis
1063 3356 1175 3428 „aeter-

161 3459 214 3500 nas
237 3438 293 3517 pe“
315 3442 507 3500 terminatam
534 3441 567 3500 in
594 3442 730 3518 sequenti
757 3444 836 3501 recte
865 3443 1084 3501 continuaverit
1106 3460 1175 3516 „cu-

162 3529 290 3607 dumque
314 3530 465 3589 cruorem“
489 3534 552 3604 etc,
574 3531 621 3588 his
650 3533 750 3590 autem
778 3531 876 3589 verbis
904 3532 1053 3590 lemmatis
1077 3531 1176 3606 finem,

163 3638 250 3693 quem
277 3619 374 3695 primo
402 3622 556 3694 omiserat,
585 3620 713 3697 „pingue
742 3620 839 3679 solum
867 3622 897 3679 et
923 3621 1017 3679 uariis
1038 3620 1184 3680 tietantia.

163 3706 266 3765 limina
290 3707 398 3766 εθινέιέ(ι
425 3713 580 3787 tamquam
607 3711 745 3791 primum
771 3712 910 3795 paginae
935 3729 1068 3773 uersum
1094 3724 1206 3782 supat-
