2734 4159
583 322 766 378 AENEIDOS
784 324 797 377 I
1134 322 1198 386 109

184 497 213 551 et
235 494 360 569 deserta,
379 494 541 570 naufragos
559 497 660 553 tamen
679 495 777 569 prima
796 495 974 568 susceperat.
1009 494 1088 552 certe
1107 494 1200 551 etiam

184 584 225 640 sic
252 585 352 657 potest
379 583 515 660 intellegi
542 585 671 658 primam
699 601 761 641 esse
788 584 898 640 terram
931 581 1030 641 litoris
1060 584 1200 656 tractum,

184 671 345 729 secundam
373 691 450 746 quae
477 673 596 749 longius
624 671 843 749 progredientis
867 670 990 746 excipit,
1018 674 1053 728 ut
1075 674 1200 729 satiaret

184 760 265 835 quod
297 761 373 818 dixit
404 762 536 836 hospitio
567 761 759 836 prohibemur
788 760 924 818 harenae.
971 763 1142 835 perseverat
1168 762 1201 818 in

160 851 239 909 shac
272 849 440 908 subtilitate
474 850 604 924 dicendi,
636 852 671 907 ut
703 849 933 907 inhumanitatis
966 848 1082 906 invidia
1109 851 1202 907 ctiam

183 941 281 1015 ipsam
303 938 452 997 Didonem
475 939 595 1013 oblique
619 939 804 1011 criminetur3
827 956 898 996 nam
922 957 987 996 cum
1012 938 1047 995 de
1071 938 1109 995 iis
1131 957 1200 1012 que·

183 1028 262 1086 ritur
286 1046 359 1102 quos
381 1028 509 1104 imperio
529 1028 609 1086 Dido
631 1027 781 1086 retinebat
800 1030 830 1085 et
848 1046 949 1105 regno,
966 1027 1064 1101 ipsam
1084 1045 1201 1101 quoque

184 1117 303 1192 adpetit
325 1120 356 1175 ct
378 1119 481 1193 culpat
504 1136 522 1174 a
546 1136 605 1192 qua
628 1120 710 1175 iussa
727 1116 930 1191 mandataque
949 1115 1097 1190 proficisci
1116 1115 1200 1173 dubi-

183 1208 245 1264 tari
268 1224 325 1264 non
351 1210 478 1282 poterat.
525 1225 619 1283 usque
642 1207 716 1264 adeo
739 1205 797 1264 hoc
819 1225 923 1265 verum
949 1208 1007 1279 est,
1034 1208 1070 1262 ut
1096 1204 1202 1263 relicta

146 1320 170 1356 ro
185 1295 354 1354 subtilitate
381 1298 414 1353 in
442 1296 535 1371 ipsius
564 1314 680 1369 quoquc
713 1297 835 1373 reginae
866 1313 1024 1369 personam
1056 1294 1202 1353 invidiam

184 1403 303 1443 omnem
331 1387 480 1460 posterius
508 1384 638 1442 torserit.
684 1384 801 1442 addidit
829 1386 909 1442 enim
936 1386 963 1442 sl
985 1402 1078 1457 penus
1099 1384 1202 1442 bamu-

183 1492 257 1532 rrum
286 1479 311 1532 et
337 1475 475 1532 mortalia
502 1475 628 1531 temnitis
653 1492 752 1542 arma,
782 1492 842 1532 non
870 1473 947 1531 dixit
973 1475 1122 1545 temnunt,
1151 1471 1202 1531 sed

184 1564 332 1635 temnitis,
366 1567 397 1620 at
423 1568 537 1636 sperate
564 1564 632 1620 cleos
659 1580 798 1621 mensores
829 1564 917 1634 feudi
948 1567 1033 1635 utque
1064 1563 1203 1634 rcefcrrell:

186 1670 253 1709 occe
277 1655 307 1710 ct
329 1652 378 1710 hic
401 1655 519 1727 sperate
543 1651 644 1727 posuit
665 1653 764 1726 ipsam
785 1670 903 1727 quoque
925 1652 1074 1710 Didonem
1098 1652 1203 1727 culpae

146 1763 170 1803 is
185 1741 415 1799 inhumanitatis
443 1740 617 1815 adnectens3
649 1741 687 1814 si,
710 1740 823 1816 inquit,
847 1743 1037 1799 contemnitis
1060 1742 1204 1814 homines,

186 1832 257 1888 sunt
280 1830 322 1888 dii
347 1832 399 1904 qui
420 1831 535 1889 iniusta
557 1829 717 1889 vindicent.
750 1848 802 1889 rea
821 1834 884 1888 erut
901 1828 1018 1888 Aeaeos
1036 1833 1128 1898 uobis,
1148 1847 1204 1903 quo

185 1921 291 1977 iustior
323 1921 397 1977 alter
425 1936 477 1977 uec
502 1922 608 1991 pietate
639 1920 699 1991 fult
729 1937 781 1978 rcec
813 1919 884 1977 bello
916 1922 1011 1977 maior
1040 1924 1065 1977 et
1093 1922 1258 1977 armistlt

187 2026 272 2080 quern
293 2011 320 2066 sl
341 2011 408 2081 fato
425 2011 523 2066 cirum
540 2013 667 2077 servarat,
685 2011 713 2067 sl
731 2011 856 2067 vescitur
874 2027 952 2067 ocra
971 2009 1098 2066 aether-io
1114 2025 1205 2080 aeque

188 2098 284 2155 ‹rubue
306 2099 471 2156 crudelibus
493 2099 612 2157 occubat
633 2100 754 2165 umbris,
778 2115 837 2155 coc
859 2102 968 2168 metus·
990 2098 1086 2170 ospicio
1109 2113 1161 2154 uec
1179 2101 1205 2154 te

146 2210 173 2248 ro
189 2190 313 2245 certasse
330 2188 462 2260 priorem
480 2190 644 2259 paeniteat:
666 2192 736 2245 sumt
759 2192 784 2245 et
805 2187 912 2246 Slerrlls
935 2188 1099 2260 ropionibus
1118 2187 1205 2244 urbes

189 2294 329 2348 armoque
354 2277 538 2347 Troianoque
561 2295 581 2334 c
603 2280 747 2350 surrectae
774 2276 873 2335 clercs
895 2275 1021 2335 Acestes.
1067 2277 1099 2333 in
1126 2281 1259 2351 regebat

189 2385 242 2425 suo
266 2364 344 2423 bona
368 2367 461 2423 animi
483 2365 621 2424 laudavit
644 2369 674 2424 et
698 2366 843 2440 corporis:
876 2366 969 2423 animi
993 2369 1062 2423 sunt
1088 2366 1206 2423 iustitia

190 2459 220 2512 ct
246 2455 358 2528 pictas,
386 2455 518 2530 corporis
546 2474 616 2513 vero
645 2458 780 2529 spectata
807 2455 903 2513 virtus
931 2453 963 2512 id
994 2456 1205 2513 exercitatione

190 2542 335 2617 bellandi,
365 2562 440 2617 quae
464 2563 524 2602 non
548 2543 694 2619 superflue
717 2544 827 2618 posuit.
873 2562 944 2601 nam
965 2562 1020 2619 pro
1042 2544 1206 2602 benefactis

149 2633 363 2707 repromisisse
382 2633 567 2710 intellegitur
585 2632 769 2691 consimilem
787 2634 884 2691 vicem
902 2632 939 2691 ab
959 2651 993 2690 eo
1017 2634 1069 2707 qui
1089 2632 1207 2691 iustitia

191 2726 357 2796 praestaret
385 2726 414 2779 et
441 2722 553 2797 pietate
582 2726 611 2779 et
639 2740 693 2797 pro
725 2721 893 2780 malefactis
925 2722 1084 2796 ultionem,
1117 2740 1207 2796 quam

190 2815 292 2887 posset
314 2811 428 2885 inplere
448 2810 501 2886 qui
519 2812 631 2869 virtute
650 2809 817 2869 confideret.
858 2810 1089 2886 quampulchre
1108 2814 1208 2869 autem

191 2902 338 2958 varietate
366 2919 440 2958 usus
469 2903 527 2970 est,
555 2903 589 2957 ut
612 2918 704 2957 unam
725 2919 788 2956 rem
811 2900 972 2975 tripliciter
995 2900 1118 2959 diceret!
1164 2901 1208 2959 ait

193 2992 273 3047 enim
305 3008 393 3063 quem
426 2991 453 3047 si
483 2990 548 3046 fata
579 2987 677 3046 virum
708 2991 828 3047 servant
854 2989 911 3047 hoc
938 2993 984 3048 est
1011 2990 1038 3049 si
1064 2989 1154 3062 vivit,
1182 2990 1209 3047 si

150 3099 177 3139 so
194 3080 323 3137 vescitur
350 3096 424 3136 aura
452 3079 584 3135 aetheria
606 3077 638 3134 id
661 3080 706 3136 est
734 3078 759 3135 si
786 3078 945 3136 incolumis
972 3079 1085 3153 manet,
1112 3097 1208 3153 neque

193 3168 290 3225 adhuc
322 3167 490 3225 crudelibus
523 3167 648 3225 occubat
679 3166 807 3241 umbris,
844 3168 899 3224 hoc
935 3167 1014 3225 idem
1051 3166 1208 3245 significat.

193 3260 257 3333 agit
280 3259 395 3314 interea
415 3275 525 3333 magna
544 3259 608 3314 aite
626 3259 663 3315 ut
681 3260 765 3331 petat
782 3276 878 3332 parva
897 3259 927 3313 et
944 3257 1112 3332 ingentium
1130 3274 1209 3313 com-

266 3427 411 3480 5r'uolelia
429 3443 482 3479 om.
498 3425 541 3480 ed.
615 3427 682 3479 tole
701 3427 737 3479 ils
755 3426 797 3478 hr
814 3427 871 3480 ollis
889 3426 914 3478 R
932 3426 964 3479 de
982 3425 1024 3478 bis
1043 3424 1107 3493 cdl
1128 3442 1209 3493 quae-

192 3500 267 3551 ritur
285 3497 337 3549 LR
355 3499 480 3564 qmrltur
497 3515 511 3549 r
530 3497 573 3549 ed.
665 3498 826 3552 aduocari
843 3497 864 3550 L
884 3514 924 3551 ·re
942 3497 974 3549 R.
1067 3501 1099 3549 15
1120 3497 1211 3565 iuquit

194 3586 248 3622 om.
269 3569 312 3623 ed.
422 3576 455 3621 22
475 3569 602 3623 laudubit
619 3568 652 3622 R.
763 3574 797 3622 23
816 3585 877 3623 oero
895 3573 1015 3637 spectatu
1039 3584 1092 3621 om.
1112 3567 1155 3621 ed.

194 3647 229 3693 26
249 3646 273 3693 et
293 3642 358 3693 ante
373 3658 426 3708 pro
446 3658 499 3693 om.
520 3642 562 3694 ed.
591 3642 595 3708 1
625 3640 756 3694 ultionem
774 3657 857 3709 qaam
875 3640 928 3692 th
945 3640 1156 3708 obliquabat

195 3717 228 3764 27
246 3713 365 3778 pulchra
381 3730 403 3763 r.
497 3717 532 3765 32
551 3714 649 3785 doyens
667 3710 712 3767 ed.
