2734 4159
544 303 728 361 assumes
745 304 773 362 11
1107 303 1171 370 185

152 474 322 545 volentibus
341 474 530 549 afflibutum,
547 477 659 535 crimen
682 493 743 536 nou
761 476 816 549 eet,
834 476 861 534 si
879 492 1016 536 uacasse
1036 478 1170 551 tempore

153 564 328 629 dormiatur.
362 566 395 624 iu
416 566 527 626 somus
549 582 610 624 eree
627 568 695 624 arete
713 563 810 624 oeulos
828 565 1038 624 maestissimus
1055 563 1225 624 Haerere

152 656 236 713 visus
258 654 360 713 adesse
380 654 454 714 mae
475 654 628 727 laryesque
651 655 799 727 effursdere
821 655 920 726 fletus:
950 648 1002 712 hie
1019 652 1171 731 Vergilius

152 745 267 803 eruerat
288 761 348 802 non
366 760 461 817 veras,
480 741 531 803 sed
553 742 724 803 verisimilis
742 742 888 821 imagines
907 741 1012 816 videri,
1031 760 1099 801 eum
1117 742 1171 805 ali-

125 850 232 907 squae
260 830 477 892 dormientibus
509 832 681 892 offeruntur.
734 831 846 890 ideireo
877 830 954 890 dixit
986 849 1021 888 ex
1053 830 1171 890 Aeneae

154 939 283 997 persona
308 922 390 980 visus
418 919 533 995 adesse,
561 923 633 996 quia
658 920 772 980 Hector
798 920 846 980 illi
872 939 932 979 nen
958 937 1047 979 rems
1075 939 1171 995 neque

153 1011 220 1085 ipse
243 1011 297 1086 qui
318 1009 385 1083 fuit,
408 1008 460 1069 sed
482 1010 654 1070 verisimilis
676 1010 758 1079 uisus
782 1012 835 1068 est.
881 1009 989 1084 incipit
1010 1010 1071 1068 iam
1096 1010 1170 1067 ima·

155 1098 272 1176 ginatio
290 1100 370 1174 ipsa:
394 1098 552 1174 descripsit
569 1100 671 1157 tristis
694 1100 795 1158 omnia
819 1100 909 1173 atque
933 1097 1057 1157 adversa
1080 1098 1171 1175 sigui-

153 1187 261 1262 fieans,
292 1188 437 1261 maestus,
468 1188 582 1264 inquit,
614 1189 673 1245 fuit
704 1188 864 1264 largosque
896 1186 983 1245 fletus
1014 1186 1172 1246 videbatur

114 1297 141 1337 ιο
155 1276 313 1339 effundere.
363 1280 499 1351 raptatus
530 1277 617 1351 buis,
648 1280 682 1334 ut
712 1278 873 1349 quaedam,
906 1281 1023 1349 aterque
1054 1279 1171 1335 erueuto

149 1366 274 1440 paleae
299 1383 413 1439 perque
435 1367 527 1439 pedes
554 1368 692 1425 traiectus
718 1366 783 1424 lara
810 1368 958 1435 tumeatis,
986 1366 1163 1438 squalentem
1173 1370 1223 1420 277

157 1456 280 1516 tubam
303 1460 329 1515 et
347 1458 490 1514 eoreeretes
512 1456 657 1529 sanquine
679 1456 770 1513 eriur's
792 1455 971 1527 uulneraque
993 1454 1045 1513 ella
1068 1472 1172 1527 aereus

156 1561 232 1618 quae
263 1546 373 1609 ciream
399 1545 534 1617 plurima
563 1561 664 1603 muros
695 1546 805 1617 aceepit
830 1546 961 1617 patrios:
997 1562 1102 1620 gerens
1133 1543 1172 1603 ad

157 1632 259 1692 omnia
281 1634 425 1710 pertinet,
446 1636 481 1692 ut
505 1635 546 1693 sit
568 1632 754 1709 squalentem
776 1632 901 1692 barbam
923 1651 1028 1709 gerens
1051 1635 1082 1690 et
1104 1651 1172 1692 eou-

115 1742 142 1783 ιε
155 1725 253 1788 uetes
282 1724 428 1798 sanguine
456 1723 545 1784 crinis
572 1740 677 1800 gerens
701 1722 884 1798 vulneraque
907 1722 961 1780 illa
983 1741 1101 1799 gerens,
1129 1724 1172 1794 ut,

156 1810 276 1874 etiamsi
298 1810 376 1870 nihil
398 1811 497 1870 verbis
520 1814 697 1885 nuntiasset,
720 1811 890 1871 coniectura
913 1811 1104 1889 colligeretur
1125 1811 1170 1870 fu·

154 1903 242 1962 nesta
260 1900 447 1976 portendere,
465 1903 573 1976 utpote
596 1920 671 1976 quae
695 1903 793 1959 essent
810 1901 894 1974 vieti,
910 1902 1008 1973 occisi,
1021 1902 1118 1960 tristis
1136 1917 1172 1960 ac

154 1989 278 2054 sordidi
299 1990 386 2048 *ultro
404 1993 478 2061 fieres
495 1992 557 2062 ipse
574 1990 696 2049 videbar
710 1989 873 2062 conpellare
885 1992 983 2066 airam
998 1993 1024 2046 et
1036 1992 1225 2048 maestasaso

155 2095 323 2153 expromere
344 2096 440 2138 ueees:
462 2096 529 2138 eece
553 2081 583 2137 et
604 2079 654 2142 hie
677 2078 790 2138 adserit
811 2080 902 2152 poeta
923 2097 982 2136 non
1004 2096 1090 2138 veras
1109 2095 1171 2136 esse

115 2187 141 2227 20
154 2168 315 2243 imagines,
339 2167 390 2226 sed
413 2168 584 2237 verisimilis
607 2186 684 2244 quae
707 2167 848 2226 videntur
869 2167 902 2225 in
925 2168 1043 2225 somnis.
1090 2166 1171 2225 deni

156 2274 215 2331 que
241 2275 303 2315 non
331 2256 407 2317 dixit
433 2256 550 2317 Aeneas
577 2256 647 2314 flevi
674 2259 728 2316 eut
754 2256 870 2315 loeutus
901 2274 979 2329 sum,
1012 2255 1064 2316 sed
1090 2257 1171 2317 visus

154 2363 221 2409 sum
249 2346 325 2404 mihi
351 2346 421 2405 flere
448 2346 497 2405 vel
525 2345 622 2420 loqui,
649 2346 750 2406 uaria
777 2345 841 2403 sine
869 2343 972 2417 dubio,
1003 2344 1074 2418 quia
1100 2344 1171 2405 talis

154 2451 283 2508 persona
306 2434 464 2495 videbatur
487 2434 613 2495 adstare.
651 2451 667 2491 o
691 2435 742 2492 luu
763 2434 949 2502 Dardaniae,
971 2450 1037 2506 spes
1055 2451 1071 2491 a
1090 2434 1171 2506 fidu-

154 2525 232 2584 sima
257 2522 409 2592 Teucrum,
433 2542 507 2597 quae
530 2528 628 2583 tautae
650 2527 766 2581 terruere
788 2523 906 2580 marae?
936 2522 1042 2595 quitus
1063 2522 1172 2582 Hector

114 2632 141 2671 ss
156 2612 191 2670 et
219 2614 280 2670 eris
309 2616 451 2685 crpeetate
477 2613 579 2671 reaia?
606 2616 639 2669 ut
661 2615 774 2685 tepeat
795 2612 888 2670 mulla
910 2616 1027 2670 tuorum
1053 2614 1171 2685 seuera,

149 2704 219 2775 post
232 2703 331 2766 uarios
349 2702 553 2775 aureaeque
571 2702 709 2774 urbisque
728 2701 841 2759 labores
859 2700 965 2774 deeset
983 2702 1224 2774 upurmaeess

155 2807 231 2862 quae
259 2808 350 2852 eausa
372 2791 496 2864 indique
518 2807 634 2853 serenes
656 2791 786 2863 foedarit
806 2789 924 2848 eutius?
952 2793 1005 2849 aui
1027 2807 1080 2849 eur
1101 2792 1172 2850 haee

154 2878 280 2939 rausa
302 2881 406 2946 cerere?
428 2881 478 2938 ille
499 2880 574 2946 uidit
596 2898 648 2939 uec
667 2897 712 2938 me
731 2883 914 2953 quaerentem
931 2897 1011 2939 caree
1029 2883 1170 2948 meretur,

154 2967 207 3026 sed
226 2969 356 3041 arariter
376 2972 499 3043 aceritus
521 2971 580 3035 irae
602 2969 639 3028 de
655 2968 915 3042 perure-duceres:
948 2987 1077 3028 sumam
1104 2969 1170 3028 dor·

113 3077 141 3117 aa
155 3056 276 3124 mientis
305 3057 401 3122 voluit
427 3060 518 3133 poeta
545 3056 723 3131 describere,
750 3058 787 3116 ut
809 3057 889 3132 quod
911 3057 1023 3132 optime
1046 3059 1172 3118 noverat

157 3145 243 3220 quasi
266 3146 383 3206 nescius
406 3148 614 3224 interrogaret,
637 3146 743 3206 deinde
766 3164 800 3206 eo
828 3150 962 3221 tempore
990 3165 1049 3221 quo
1076 3148 1171 3208 mani-

154 3234 232 3294 festo
255 3234 424 3295 discrimine
447 3235 613 3309 tenebatur,
632 3253 667 3294 eo
690 3238 823 3313 tempore
847 3254 906 3310 quo
929 3254 989 3293 non
1012 3234 1051 3293 ad
1072 3236 1170 3294 inanis

154 3323 286 3398 fabulas,
313 3324 365 3383 sed
392 3325 431 3383 ad
457 3324 669 3383 insinuandum
696 3325 853 3383 interitum
876 3323 983 3382 Troiae
1007 3325 1038 3381 et
1061 3323 1099 3381 ad
1122 3342 1171 3381 ex-

227 3552 243 3601 8
262 3549 406 3617 descripsit
423 3548 445 3601 L
465 3548 593 3604 describit
610 3546 636 3599 R
654 3547 771 3603 deserrdi
787 3565 802 3599 r
819 3552 845 3602 ct
863 3547 1015 3602 araceus
1033 3546 1082 3600 ed.
1097 3547 1178 3613 ttri-

153 3620 233 3674 eseia
251 3618 305 3672 Lu
323 3621 448 3674 tristior
466 3619 509 3673 ed.
594 3624 625 3675 11
645 3634 743 3676 versus
757 3624 907 3678 ‘its-aus
921 3619 1018 3674 liei—
1028 3618 1109 3687 tuuis
1120 3615 1202 3666 xem-

153 3690 224 3744 mati
242 3690 361 3743 inseruit
378 3691 419 3744 ed¹
441 3692 546 3747 desunt
563 3691 596 3747 in
616 3692 671 3750 12ss
690 3711 788 3767 noque
808 3692 1013 3767 mirantur.
