<?xml version="1.0" encoding="UTF-8"?>
<!DOCTYPE html PUBLIC "-//W3C//DTD XHTML 1.0 Transitional//EN"
    "http://www.w3.org/TR/xhtml1/DTD/xhtml1-transitional.dtd">
<html xmlns="http://www.w3.org/1999/xhtml" xml:lang="en" lang="en">
 <head>
  <title>
</title>
<meta http-equiv="Content-Type" content="text/html;charset=utf-8" />
  <meta name='ocr-system' content='tesseract 3.04.00' />
  <meta name='ocr-capabilities' content='ocr_page ocr_carea ocr_par ocr_line ocrx_word'/>
</head>
<body>
  <div class='ocr_page' id='page_1' title='image "./tibericlaudidon02georgoog_0013.png"; bbox 0 0 2734 4159; ppageno 0'>
   <div class='ocr_carea' id='block_1_1' title="bbox 172 314 784 371">
    <p class='ocr_par' dir='ltr' id='par_1_1' title="bbox 172 314 784 371">
     <span class='ocr_line' id='line_1_1' title="bbox 172 314 784 371; baseline 0.003 -2"><span class='ocrx_word' id='word_1_1' title='bbox 172 315 198 369; x_wconf 86' lang='lat' dir='ltr'>X</span> <span class='ocrx_word' id='word_1_2' title='bbox 577 314 784 371; x_wconf 76' lang='lat' dir='ltr'><strong>PRAEFATIO</strong></span> 
     </span>
    </p>
   </div>
   <div class='ocr_carea' id='block_1_2' title="bbox 105 482 1191 3146">
    <p class='ocr_par' dir='ltr' id='par_1_2' title="bbox 105 482 1187 989">
     <span class='ocr_line' id='line_1_2' title="bbox 170 482 1186 562; baseline 0 -19"><span class='ocrx_word' id='word_1_3' title='bbox 170 482 399 543; x_wconf 88' lang='lat' dir='ltr'><strong>lestissimorum</strong></span> <span class='ocrx_word' id='word_1_4' title='bbox 422 483 564 543; x_wconf 83' lang='lat' dir='ltr'><strong>iuvenum</strong></span> <span class='ocrx_word' id='word_1_5' title='bbox 587 482 705 543; x_wconf 87' lang='lat' dir='ltr'><strong>amore“</strong></span> <span class='ocrx_word' id='word_1_6' title='bbox 728 483 838 545; x_wconf 77' lang='lat' dir='ltr'>dixisse</span> <span class='ocrx_word' id='word_1_7' title='bbox 860 487 986 562; x_wconf 89' lang='lat' dir='ltr'><strong>putatur</strong></span> <span class='ocrx_word' id='word_1_8' title='bbox 1008 484 1102 560; x_wconf 87' lang='lat' dir='ltr'>„nihil</span> <span class='ocrx_word' id='word_1_9' title='bbox 1121 484 1186 544; x_wconf 91' lang='lat' dir='ltr'><strong>Deo</strong></span> 
     </span>
     <span class='ocr_line' id='line_1_3' title="bbox 105 571 1186 650; baseline 0 -18"><span class='ocrx_word' id='word_1_10' title='bbox 105 592 107 596; x_wconf 92' lang='lat'>·</span> <span class='ocrx_word' id='word_1_11' title='bbox 170 571 310 650; x_wconf 56' lang='lat' dir='ltr'><strong>gravium</strong></span> <span class='ocrx_word' id='word_1_12' title='bbox 337 591 400 632; x_wconf 88' lang='lat' dir='ltr'><strong>esse</strong></span> <span class='ocrx_word' id='word_1_13' title='bbox 428 573 466 632; x_wconf 92' lang='lat' dir='ltr'><strong>ab</strong></span> <span class='ocrx_word' id='word_1_14' title='bbox 494 572 658 633; x_wconf 80' lang='lat' dir='ltr'><strong>editoribus</strong></span> <span class='ocrx_word' id='word_1_15' title='bbox 684 573 900 649; x_wconf 90' lang='lat' dir='ltr'><strong>interpolatum</strong></span> <span class='ocrx_word' id='word_1_16' title='bbox 928 573 1042 634; x_wconf 88' lang='lat' dir='ltr'><strong>codices</strong></span> <span class='ocrx_word' id='word_1_17' title='bbox 1071 572 1186 633; x_wconf 88' lang='lat' dir='ltr'><strong>docent.</strong></span> 
     </span>
     <span class='ocr_line' id='line_1_4' title="bbox 171 655 1185 744; baseline 0.001 -24"><span class='ocrx_word' id='word_1_18' title='bbox 171 666 203 721; x_wconf 91' lang='lat' dir='ltr'><strong>at</strong></span> <span class='ocrx_word' id='word_1_19' title='bbox 229 662 333 721; x_wconf 85' lang='lat' dir='ltr'><strong>multis</strong></span> <span class='ocrx_word' id='word_1_20' title='bbox 360 662 449 737; x_wconf 85' lang='lat' dir='ltr'><strong>locis,</strong></span> <span class='ocrx_word' id='word_1_21' title='bbox 476 679 603 738; x_wconf 88' lang='lat' dir='ltr'><strong>quornm</strong></span> <span class='ocrx_word' id='word_1_22' title='bbox 629 664 806 739; x_wconf 86' lang='lat' dir='ltr'><strong>praecipuos</strong></span> <span class='ocrx_word' id='word_1_23' title='bbox 836 666 865 738; x_wconf 86' lang='lat'><strong>1,</strong></span> <span class='ocrx_word' id='word_1_24' title='bbox 883 663 935 721; x_wconf 92' lang='grc'><strong>28.</strong></span> <span class='ocrx_word' id='word_1_25' title='bbox 966 665 1040 723; x_wconf 92' lang='grc'><strong>442.</strong></span> <span class='ocrx_word' id='word_1_26' title='bbox 1068 655 1185 744; x_wconf 74' lang='grc'><strong>(7401)</strong></span> 
     </span>
     <span class='ocr_line' id='line_1_5' title="bbox 172 751 1187 826; baseline 0.002 -18"><span class='ocrx_word' id='word_1_27' title='bbox 172 751 290 822; x_wconf 58' lang='grc'><strong>1165.</strong></span> <span class='ocrx_word' id='word_1_28' title='bbox 321 752 350 824; x_wconf 84' lang='grc'><strong>5,</strong></span> <span class='ocrx_word' id='word_1_29' title='bbox 366 753 439 811; x_wconf 88' lang='grc'><strong>709.</strong></span> <span class='ocrx_word' id='word_1_30' title='bbox 471 753 499 821; x_wconf 85' lang='grc'><strong>7,</strong></span> <span class='ocrx_word' id='word_1_31' title='bbox 514 752 589 810; x_wconf 85' lang='grc'><strong>259.</strong></span> <span class='ocrx_word' id='word_1_32' title='bbox 620 753 648 826; x_wconf 90' lang='grc'><strong>9,</strong></span> <span class='ocrx_word' id='word_1_33' title='bbox 664 753 738 811; x_wconf 89' lang='grc'><strong>247.</strong></span> <span class='ocrx_word' id='word_1_34' title='bbox 769 753 843 811; x_wconf 93' lang='grc'><strong>404.</strong></span> <span class='ocrx_word' id='word_1_35' title='bbox 876 754 938 811; x_wconf 90' lang='grc'><strong>627</strong></span> <span class='ocrx_word' id='word_1_36' title='bbox 969 772 998 811; x_wconf 85' lang='lat' dir='ltr'><strong>v.</strong></span> <span class='ocrx_word' id='word_1_37' title='bbox 1017 751 1044 811; x_wconf 90' lang='lat' dir='ltr'><strong>d.</strong></span> <span class='ocrx_word' id='word_1_38' title='bbox 1063 751 1187 811; x_wconf 83' lang='lat' dir='ltr'>Hoeven</span> 
     </span>
     <span class='ocr_line' id='line_1_6' title="bbox 171 832 1187 921; baseline 0.002 -24"><span class='ocrx_word' id='word_1_39' title='bbox 171 838 292 917; x_wconf 73' lang='lat' dir='ltr'><strong>collegit</strong></span> <span class='ocrx_word' id='word_1_40' title='bbox 320 832 410 921; x_wconf 87' lang='lat' dir='ltr'><strong>(adde</strong></span> <span class='ocrx_word' id='word_1_41' title='bbox 435 841 464 915; x_wconf 82' lang='lat'><strong>6,</strong></span> <span class='ocrx_word' id='word_1_42' title='bbox 483 832 572 921; x_wconf 79' lang='lat'>230),</span> <span class='ocrx_word' id='word_1_43' title='bbox 595 843 731 900; x_wconf 85' lang='lat' dir='ltr'><strong>veterum</strong></span> <span class='ocrx_word' id='word_1_44' title='bbox 760 840 885 900; x_wconf 89' lang='lat' dir='ltr'><strong>deorum</strong></span> <span class='ocrx_word' id='word_1_45' title='bbox 912 840 1006 900; x_wconf 85' lang='lat' dir='ltr'><strong>cultui</strong></span> <span class='ocrx_word' id='word_1_46' title='bbox 1034 840 1187 900; x_wconf 90' lang='lat' dir='ltr'><strong>addictum</strong></span> 
     </span>
     <span class='ocr_line' id='line_1_7' title="bbox 171 928 451 989; baseline 0 -2"><span class='ocrx_word' id='word_1_47' title='bbox 171 947 203 988; x_wconf 91' lang='lat' dir='ltr'><strong>se</strong></span> <span class='ocrx_word' id='word_1_48' title='bbox 226 947 289 989; x_wconf 89' lang='lat' dir='ltr'><strong>esse</strong></span> <span class='ocrx_word' id='word_1_49' title='bbox 313 928 451 988; x_wconf 75' lang='lat' dir='ltr'><strong>ostendit.</strong></span> 
     </span>
    </p>

    <p class='ocr_par' dir='ltr' id='par_1_3' title="bbox 115 1016 1191 3146">
     <span class='ocr_line' id='line_1_8' title="bbox 238 1016 1187 1095; baseline 0.002 -19"><span class='ocrx_word' id='word_1_50' title='bbox 238 1016 348 1086; x_wconf 80' lang='lat' dir='ltr'><strong>Quinto</strong></span> <span class='ocrx_word' id='word_1_51' title='bbox 366 1038 396 1095; x_wconf 91' lang='lat' dir='ltr'><strong>p.</strong></span> <span class='ocrx_word' id='word_1_52' title='bbox 412 1017 786 1079; x_wconf 65' lang='grc'><strong>(1.111111111111111</strong></span> <span class='ocrx_word' id='word_1_53' title='bbox 804 1038 865 1078; x_wconf 93' lang='lat' dir='ltr'><strong>non</strong></span> <span class='ocrx_word' id='word_1_54' title='bbox 882 1020 1078 1095; x_wconf 87' lang='lat' dir='ltr'><strong>posteriorem</strong></span> <span class='ocrx_word' id='word_1_55' title='bbox 1094 1019 1187 1078; x_wconf 88' lang='lat' dir='ltr'><strong>fuisse</strong></span> 
     </span>
     <span class='ocr_line' id='line_1_9' title="bbox 170 1106 1188 1184; baseline 0.002 -19"><span class='ocrx_word' id='word_1_56' title='bbox 170 1106 240 1165; x_wconf 91' lang='lat' dir='ltr'><strong>inde</strong></span> <span class='ocrx_word' id='word_1_57' title='bbox 268 1111 393 1184; x_wconf 83' lang='lat' dir='ltr'><strong>apparet</strong></span> <span class='ocrx_word' id='word_1_58' title='bbox 421 1107 501 1183; x_wconf 92' lang='lat' dir='ltr'><strong>quod</strong></span> <span class='ocrx_word' id='word_1_59' title='bbox 528 1108 648 1183; x_wconf 90' lang='lat' dir='ltr'><strong>imperii</strong></span> <span class='ocrx_word' id='word_1_60' title='bbox 670 1107 800 1167; x_wconf 84' lang='lat' dir='ltr'><strong>Romani</strong></span> <span class='ocrx_word' id='word_1_61' title='bbox 824 1110 908 1183; x_wconf 80' lang='lat'>1,12</span> <span class='ocrx_word' id='word_1_62' title='bbox 935 1111 965 1167; x_wconf 88' lang='grc'><strong>11</strong></span> <span class='ocrx_word' id='word_1_63' title='bbox 987 1126 1106 1167; x_wconf 89' lang='lat' dir='ltr'><strong>morum</strong></span> <span class='ocrx_word' id='word_1_64' title='bbox 1128 1108 1188 1167; x_wconf 89' lang='lat' dir='ltr'><strong>Ro-</strong></span> 
     </span>
     <span class='ocr_line' id='line_1_10' title="bbox 171 1198 1188 1273; baseline 0.001 -19"><span class='ocrx_word' id='word_1_65' title='bbox 171 1215 328 1255; x_wconf 88' lang='lat' dir='ltr'><strong>manorum</strong></span> <span class='ocrx_word' id='word_1_66' title='bbox 350 1199 505 1271; x_wconf 76' lang='lat' dir='ltr'><strong>tamquam</strong></span> <span class='ocrx_word' id='word_1_67' title='bbox 522 1198 727 1273; x_wconf 88' lang='lat' dir='ltr'><strong>praesentium</strong></span> <span class='ocrx_word' id='word_1_68' title='bbox 744 1198 926 1260; x_wconf 78' lang='lat' dir='ltr'><strong>montionem</strong></span> <span class='ocrx_word' id='word_1_69' title='bbox 945 1198 1032 1256; x_wconf 89' lang='lat' dir='ltr'><strong>facit:</strong></span> <span class='ocrx_word' id='word_1_70' title='bbox 1055 1198 1091 1256; x_wconf 86' lang='lat' dir='ltr'><strong>cf.</strong></span> <span class='ocrx_word' id='word_1_71' title='bbox 1110 1216 1188 1272; x_wconf 82' lang='lat' dir='ltr'><strong>quae</strong></span> 
     </span>
     <span class='ocr_line' id='line_1_11' title="bbox 172 1285 1188 1362; baseline 0.002 -19"><span class='ocrx_word' id='word_1_72' title='bbox 172 1285 305 1345; x_wconf 89' lang='lat' dir='ltr'><strong>deludis</strong></span> <span class='ocrx_word' id='word_1_73' title='bbox 323 1286 423 1345; x_wconf 90' lang='lat' dir='ltr'><strong>mimis</strong></span> <span class='ocrx_word' id='word_1_74' title='bbox 442 1285 579 1345; x_wconf 88' lang='lat' dir='ltr'><strong>cantibus</strong></span> <span class='ocrx_word' id='word_1_75' title='bbox 601 1286 728 1361; x_wconf 87' lang='lat' dir='ltr'><strong>picturis</strong></span> <span class='ocrx_word' id='word_1_76' title='bbox 752 1286 826 1345; x_wconf 89' lang='lat' dir='ltr'><strong>dicit</strong></span> <span class='ocrx_word' id='word_1_77' title='bbox 850 1290 878 1362; x_wconf 82' lang='lat'><strong>1,</strong></span> <span class='ocrx_word' id='word_1_78' title='bbox 895 1288 967 1345; x_wconf 92' lang='grc'><strong>741.</strong></span> <span class='ocrx_word' id='word_1_79' title='bbox 993 1288 1021 1361; x_wconf 82' lang='lat'><strong>5,</strong></span> <span class='ocrx_word' id='word_1_80' title='bbox 1037 1287 1087 1345; x_wconf 86' lang='grc'><strong>65.</strong></span> <span class='ocrx_word' id='word_1_81' title='bbox 1115 1287 1188 1345; x_wconf 89' lang='grc'><strong>128.</strong></span> 
     </span>
     <span class='ocr_line' id='line_1_12' title="bbox 174 1367 1188 1457; baseline 0.001 -25"><span class='ocrx_word' id='word_1_82' title='bbox 174 1376 246 1433; x_wconf 87' lang='grc'><strong>132.</strong></span> <span class='ocrx_word' id='word_1_83' title='bbox 263 1377 335 1433; x_wconf 88' lang='grc'>144.</span> <span class='ocrx_word' id='word_1_84' title='bbox 352 1376 424 1434; x_wconf 88' lang='grc'><strong>662.</strong></span> <span class='ocrx_word' id='word_1_85' title='bbox 447 1376 558 1448; x_wconf 86' lang='grc'><strong>7,172.</strong></span> <span class='ocrx_word' id='word_1_86' title='bbox 578 1375 609 1449; x_wconf 88' lang='grc'><strong>8,</strong></span> <span class='ocrx_word' id='word_1_87' title='bbox 619 1376 692 1434; x_wconf 89' lang='grc'><strong>287.</strong></span> <span class='ocrx_word' id='word_1_88' title='bbox 709 1377 772 1434; x_wconf 88' lang='grc'><strong>343</strong></span> <span class='ocrx_word' id='word_1_89' title='bbox 793 1367 868 1457; x_wconf 86' lang='lat' dir='ltr'><strong>(alia</strong></span> <span class='ocrx_word' id='word_1_90' title='bbox 882 1374 1029 1451; x_wconf 92' lang='lat' dir='ltr'><strong>quaedam</strong></span> <span class='ocrx_word' id='word_1_91' title='bbox 1043 1376 1188 1452; x_wconf 83' lang='lat' dir='ltr'><strong>exempla,</strong></span> 
     </span>
     <span class='ocr_line' id='line_1_13' title="bbox 171 1462 1190 1541; baseline 0.001 -20"><span class='ocrx_word' id='word_1_92' title='bbox 171 1481 248 1540; x_wconf 90' lang='lat' dir='ltr'><strong>quae</strong></span> <span class='ocrx_word' id='word_1_93' title='bbox 271 1462 408 1539; x_wconf 90' lang='lat' dir='ltr'><strong>Hoppius</strong></span> <span class='ocrx_word' id='word_1_94' title='bbox 430 1483 460 1539; x_wconf 85' lang='lat' dir='ltr'><strong>p.</strong></span> <span class='ocrx_word' id='word_1_95' title='bbox 480 1464 520 1521; x_wconf 91' lang='grc'><strong>21</strong></span> <span class='ocrx_word' id='word_1_96' title='bbox 551 1464 667 1540; x_wconf 88' lang='lat' dir='ltr'><strong>attulit,</strong></span> <span class='ocrx_word' id='word_1_97' title='bbox 696 1468 751 1523; x_wconf 97' lang='grc'><strong>111</strong></span> <span class='ocrx_word' id='word_1_98' title='bbox 778 1483 886 1541; x_wconf 89' lang='lat' dir='ltr'><strong>parum</strong></span> <span class='ocrx_word' id='word_1_99' title='bbox 910 1464 1019 1524; x_wconf 83' lang='lat' dir='ltr'><strong>idonee</strong></span> <span class='ocrx_word' id='word_1_100' title='bbox 1041 1467 1112 1523; x_wconf 91' lang='lat' dir='ltr'><strong>sunt</strong></span> <span class='ocrx_word' id='word_1_101' title='bbox 1135 1466 1190 1523; x_wconf 91' lang='lat' dir='ltr'><strong>aut</strong></span> 
     </span>
     <span class='ocr_line' id='line_1_14' title="bbox 172 1545 1188 1634; baseline 0.001 -24"><span class='ocrx_word' id='word_1_102' title='bbox 172 1552 210 1611; x_wconf 90' lang='lat' dir='ltr'><strong>ab</strong></span> <span class='ocrx_word' id='word_1_103' title='bbox 233 1551 398 1613; x_wconf 85' lang='lat' dir='ltr'><strong>editoribus</strong></span> <span class='ocrx_word' id='word_1_104' title='bbox 419 1545 626 1634; x_wconf 87' lang='lat' dir='ltr'><strong>interpolata).</strong></span> <span class='ocrx_word' id='word_1_105' title='bbox 671 1572 725 1612; x_wconf 87' lang='lat' dir='ltr'><strong>nec</strong></span> <span class='ocrx_word' id='word_1_106' title='bbox 748 1553 901 1613; x_wconf 80' lang='lat' dir='ltr'><strong>latinitate</strong></span> <span class='ocrx_word' id='word_1_107' title='bbox 924 1572 978 1612; x_wconf 90' lang='grc'><strong>111</strong></span> <span class='ocrx_word' id='word_1_108' title='bbox 1001 1552 1039 1611; x_wconf 85' lang='grc'><strong>11</strong></span> <span class='ocrx_word' id='word_1_109' title='bbox 1066 1552 1188 1611; x_wconf 87' lang='lat' dir='ltr'><strong>inferio-</strong></span> 
     </span>
     <span class='ocr_line' id='line_1_15' title="bbox 172 1641 1189 1719; baseline 0.001 -20"><span class='ocrx_word' id='word_1_110' title='bbox 172 1660 234 1701; x_wconf 89' lang='lat' dir='ltr'><strong>rem</strong></span> <span class='ocrx_word' id='word_1_111' title='bbox 253 1643 384 1700; x_wconf 90' lang='lat' dir='ltr'><strong>aetatem</strong></span> <span class='ocrx_word' id='word_1_112' title='bbox 401 1641 561 1719; x_wconf 84' lang='lat' dir='ltr'><strong>relegatur,</strong></span> <span class='ocrx_word' id='word_1_113' title='bbox 576 1658 651 1717; x_wconf 90' lang='lat' dir='ltr'><strong>quae</strong></span> <span class='ocrx_word' id='word_1_114' title='bbox 670 1645 705 1701; x_wconf 91' lang='lat' dir='ltr'><strong>ut</strong></span> <span class='ocrx_word' id='word_1_115' title='bbox 723 1642 881 1701; x_wconf 86' lang='lat' dir='ltr'><strong>verborum</strong></span> <span class='ocrx_word' id='word_1_116' title='bbox 899 1645 1017 1701; x_wconf 90' lang='lat' dir='ltr'><strong>tumore</strong></span> <span class='ocrx_word' id='word_1_117' title='bbox 1036 1644 1067 1700; x_wconf 91' lang='lat' dir='ltr'><strong>et</strong></span> <span class='ocrx_word' id='word_1_118' title='bbox 1085 1641 1189 1702; x_wconf 90' lang='lat' dir='ltr'><strong>eodem</strong></span> 
     </span>
     <span class='ocr_line' id='line_1_16' title="bbox 172 1729 1189 1808; baseline -0.001 -18"><span class='ocrx_word' id='word_1_119' title='bbox 172 1748 289 1805; x_wconf 88' lang='lat' dir='ltr'><strong>semper</strong></span> <span class='ocrx_word' id='word_1_120' title='bbox 311 1730 408 1789; x_wconf 90' lang='lat' dir='ltr'><strong>colore</strong></span> <span class='ocrx_word' id='word_1_121' title='bbox 431 1729 643 1791; x_wconf 87' lang='lat' dir='ltr'><strong>declamatorio</strong></span> <span class='ocrx_word' id='word_1_122' title='bbox 666 1732 770 1790; x_wconf 89' lang='lat' dir='ltr'><strong>stilum</strong></span> <span class='ocrx_word' id='word_1_123' title='bbox 792 1732 879 1790; x_wconf 89' lang='lat' dir='ltr'><strong>illum</strong></span> <span class='ocrx_word' id='word_1_124' title='bbox 902 1750 992 1808; x_wconf 92' lang='lat' dir='ltr'><strong>quem</strong></span> <span class='ocrx_word' id='word_1_125' title='bbox 1010 1730 1189 1792; x_wconf 82' lang='lat' dir='ltr'><strong>Africanum</strong></span> 
     </span>
     <span class='ocr_line' id='line_1_17' title="bbox 172 1811 1188 1902; baseline 0.002 -25"><span class='ocrx_word' id='word_1_126' title='bbox 172 1818 232 1877; x_wconf 90' lang='lat' dir='ltr'><strong>dici</strong></span> <span class='ocrx_word' id='word_1_127' title='bbox 245 1820 410 1878; x_wconf 85' lang='lat' dir='ltr'><strong>rectissime</strong></span> <span class='ocrx_word' id='word_1_128' title='bbox 423 1819 522 1879; x_wconf 88' lang='lat' dir='ltr'><strong>vetuit</strong></span> <span class='ocrx_word' id='word_1_129' title='bbox 534 1819 656 1878; x_wconf 85' lang='lat' dir='ltr'><strong>Norden</strong></span> <span class='ocrx_word' id='word_1_130' title='bbox 671 1811 789 1900; x_wconf 87' lang='lat' dir='ltr'><strong>(antike</strong></span> <span class='ocrx_word' id='word_1_131' title='bbox 798 1820 985 1897; x_wconf 89' lang='lat' dir='ltr'><strong>Kunstprosa</strong></span> <span class='ocrx_word' id='word_1_132' title='bbox 999 1841 1027 1897; x_wconf 90' lang='lat' dir='ltr'><strong>p.</strong></span> <span class='ocrx_word' id='word_1_133' title='bbox 1035 1820 1097 1879; x_wconf 85' lang='lat'><strong>591</strong></span> <span class='ocrx_word' id='word_1_134' title='bbox 1108 1812 1188 1902; x_wconf 83' lang='lat' dir='ltr'><strong>sqq.)</strong></span> 
     </span>
     <span class='ocr_line' id='line_1_18' title="bbox 171 1906 1189 1987; baseline 0.001 -21"><span class='ocrx_word' id='word_1_135' title='bbox 171 1906 338 1985; x_wconf 86' lang='lat' dir='ltr'><strong>profitetur,</strong></span> <span class='ocrx_word' id='word_1_136' title='bbox 361 1910 407 1967; x_wconf 89' lang='grc'><strong>111</strong></span> <span class='ocrx_word' id='word_1_137' title='bbox 429 1907 606 1968; x_wconf 86' lang='lat' dir='ltr'><strong>abarbarie</strong></span> <span class='ocrx_word' id='word_1_138' title='bbox 629 1909 718 1987; x_wconf 83' lang='lat' dir='ltr'><strong>longe</strong></span> <span class='ocrx_word' id='word_1_139' title='bbox 741 1912 872 1969; x_wconf 89' lang='lat' dir='ltr'><strong>remotus</strong></span> <span class='ocrx_word' id='word_1_140' title='bbox 896 1912 949 1969; x_wconf 78' lang='lat' dir='ltr'><strong>est,</strong></span> <span class='ocrx_word' id='word_1_141' title='bbox 991 1928 1062 1969; x_wconf 84' lang='lat' dir='ltr'><strong>nam</strong></span> <span class='ocrx_word' id='word_1_142' title='bbox 1084 1909 1189 1969; x_wconf 87' lang='lat' dir='ltr'><strong>odiose</strong></span> 
     </span>
     <span class='ocr_line' id='line_1_19' title="bbox 172 1997 1189 2076; baseline 0.002 -20"><span class='ocrx_word' id='word_1_143' title='bbox 172 2016 290 2074; x_wconf 91' lang='lat' dir='ltr'><strong>quoque</strong></span> <span class='ocrx_word' id='word_1_144' title='bbox 308 1997 363 2056; x_wconf 91' lang='lat' dir='ltr'><strong>illa</strong></span> <span class='ocrx_word' id='word_1_145' title='bbox 382 1997 532 2056; x_wconf 80' lang='lat' dir='ltr'><strong>affectatio</strong></span> <span class='ocrx_word' id='word_1_146' title='bbox 552 2016 611 2073; x_wconf 93' lang='lat' dir='ltr'><strong>qua</strong></span> <span class='ocrx_word' id='word_1_147' title='bbox 629 1998 922 2074; x_wconf 79' lang='lat' dir='ltr'><strong>plusquamperfecto</strong></span> <span class='ocrx_word' id='word_1_148' title='bbox 940 2018 994 2076; x_wconf 89' lang='lat' dir='ltr'><strong>pro</strong></span> <span class='ocrx_word' id='word_1_149' title='bbox 1013 1998 1189 2074; x_wconf 88' lang='lat' dir='ltr'><strong>imperfecto</strong></span> 
     </span>
     <span class='ocr_line' id='line_1_20' title="bbox 171 2086 1189 2163; baseline 0.001 -19"><span class='ocrx_word' id='word_1_150' title='bbox 171 2086 221 2145; x_wconf 80' lang='lat' dir='ltr'><strong>vel</strong></span> <span class='ocrx_word' id='word_1_151' title='bbox 242 2087 384 2163; x_wconf 87' lang='lat' dir='ltr'><strong>perfecto,</strong></span> <span class='ocrx_word' id='word_1_152' title='bbox 402 2086 566 2146; x_wconf 86' lang='lat' dir='ltr'><strong>indicativo</strong></span> <span class='ocrx_word' id='word_1_153' title='bbox 590 2089 621 2146; x_wconf 91' lang='lat' dir='ltr'><strong>et</strong></span> <span class='ocrx_word' id='word_1_154' title='bbox 641 2088 831 2147; x_wconf 85' lang='lat' dir='ltr'><strong>coniunctivo</strong></span> <span class='ocrx_word' id='word_1_155' title='bbox 850 2088 882 2146; x_wconf 95' lang='lat' dir='ltr'><strong>in</strong></span> <span class='ocrx_word' id='word_1_156' title='bbox 901 2088 1079 2162; x_wconf 85' lang='lat' dir='ltr'><strong>quibusdam</strong></span> <span class='ocrx_word' id='word_1_157' title='bbox 1097 2106 1189 2145; x_wconf 91' lang='lat' dir='ltr'><strong>enun-</strong></span> 
     </span>
     <span class='ocr_line' id='line_1_21' title="bbox 171 2175 1189 2253; baseline 0.001 -20"><span class='ocrx_word' id='word_1_158' title='bbox 171 2176 258 2234; x_wconf 88' lang='lat' dir='ltr'><strong>tiatis</strong></span> <span class='ocrx_word' id='word_1_159' title='bbox 286 2179 453 2252; x_wconf 90' lang='lat' dir='ltr'><strong>promiscue</strong></span> <span class='ocrx_word' id='word_1_160' title='bbox 480 2175 578 2235; x_wconf 88' lang='lat' dir='ltr'><strong>utitur</strong></span> <span class='ocrx_word' id='word_1_161' title='bbox 604 2176 692 2235; x_wconf 92' lang='lat' dir='ltr'><strong>modo</strong></span> <span class='ocrx_word' id='word_1_162' title='bbox 720 2178 852 2253; x_wconf 80' lang='lat' dir='ltr'><strong>tantum,</strong></span> <span class='ocrx_word' id='word_1_163' title='bbox 879 2195 939 2235; x_wconf 92' lang='lat' dir='ltr'><strong>non</strong></span> <span class='ocrx_word' id='word_1_164' title='bbox 962 2194 1068 2253; x_wconf 81' lang='lat' dir='ltr'><strong>genere</strong></span> <span class='ocrx_word' id='word_1_165' title='bbox 1093 2175 1189 2236; x_wconf 84' lang='lat' dir='ltr'><strong>Servii</strong></span> 
     </span>
     <span class='ocr_line' id='line_1_22' title="bbox 172 2264 1190 2341; baseline 0.003 -19"><span class='ocrx_word' id='word_1_166' title='bbox 172 2264 359 2340; x_wconf 89' lang='lat' dir='ltr'><strong>aliorumque</strong></span> <span class='ocrx_word' id='word_1_167' title='bbox 392 2266 493 2341; x_wconf 85' lang='lat' dir='ltr'><strong>quarti</strong></span> <span class='ocrx_word' id='word_1_168' title='bbox 524 2268 555 2324; x_wconf 92' lang='lat' dir='ltr'><strong>et</strong></span> <span class='ocrx_word' id='word_1_169' title='bbox 586 2265 686 2341; x_wconf 90' lang='lat' dir='ltr'><strong>quinti</strong></span> <span class='ocrx_word' id='word_1_170' title='bbox 717 2265 829 2324; x_wconf 84' lang='lat' dir='ltr'><strong>saeculi</strong></span> <span class='ocrx_word' id='word_1_171' title='bbox 860 2266 1040 2340; x_wconf 87' lang='lat' dir='ltr'><strong>scriptorum</strong></span> <span class='ocrx_word' id='word_1_172' title='bbox 1077 2284 1190 2325; x_wconf 89' lang='lat' dir='ltr'><strong>morem</strong></span> 
     </span>
     <span class='ocr_line' id='line_1_23' title="bbox 173 2345 1189 2434; baseline 0 -23"><span class='ocrx_word' id='word_1_173' title='bbox 173 2352 326 2430; x_wconf 85' lang='lat' dir='ltr'><strong>egreditur</strong></span> <span class='ocrx_word' id='word_1_174' title='bbox 348 2345 399 2433; x_wconf 84' lang='lat' dir='ltr'><strong>(of.</strong></span> <span class='ocrx_word' id='word_1_175' title='bbox 415 2353 550 2414; x_wconf 88' lang='lat' dir='ltr'><strong>Thilonis</strong></span> <span class='ocrx_word' id='word_1_176' title='bbox 570 2354 608 2413; x_wconf 89' lang='lat' dir='ltr'><strong>ad</strong></span> <span class='ocrx_word' id='word_1_177' title='bbox 627 2353 765 2413; x_wconf 82' lang='lat' dir='ltr'><strong>Servium</strong></span> <span class='ocrx_word' id='word_1_178' title='bbox 787 2354 1004 2429; x_wconf 83' lang='lat' dir='ltr'><strong>praefationem</strong></span> <span class='ocrx_word' id='word_1_179' title='bbox 1026 2375 1054 2430; x_wconf 88' lang='lat' dir='ltr'><strong>p.</strong></span> <span class='ocrx_word' id='word_1_180' title='bbox 1072 2347 1189 2434; x_wconf 80' lang='lat' dir='ltr'><strong>72sq.).</strong></span> 
     </span>
     <span class='ocr_line' id='line_1_24' title="bbox 173 2441 1189 2518; baseline 0.001 -17"><span class='ocrx_word' id='word_1_181' title='bbox 173 2445 204 2501; x_wconf 92' lang='grc'><strong>11</strong></span> <span class='ocrx_word' id='word_1_182' title='bbox 226 2442 279 2500; x_wconf 92' lang='lat' dir='ltr'><strong>ubi</strong></span> <span class='ocrx_word' id='word_1_183' title='bbox 300 2441 423 2501; x_wconf 89' lang='lat' dir='ltr'><strong>liberius</strong></span> <span class='ocrx_word' id='word_1_184' title='bbox 446 2446 543 2503; x_wconf 88' lang='lat' dir='ltr'><strong>oratio</strong></span> <span class='ocrx_word' id='word_1_185' title='bbox 566 2445 698 2502; x_wconf 83' lang='lat' dir='ltr'><strong>excurrit</strong></span> <span class='ocrx_word' id='word_1_186' title='bbox 720 2446 754 2501; x_wconf 90' lang='lat' dir='ltr'><strong>ut</strong></span> <span class='ocrx_word' id='word_1_187' title='bbox 779 2445 811 2501; x_wconf 89' lang='lat' dir='ltr'><strong>in</strong></span> <span class='ocrx_word' id='word_1_188' title='bbox 839 2444 1006 2518; x_wconf 90' lang='lat' dir='ltr'><strong>prooemio,</strong></span> <span class='ocrx_word' id='word_1_189' title='bbox 1032 2444 1065 2502; x_wconf 91' lang='lat' dir='ltr'><strong>in</strong></span> <span class='ocrx_word' id='word_1_190' title='bbox 1093 2441 1189 2502; x_wconf 89' lang='lat' dir='ltr'><strong>decla·</strong></span> 
     </span>
     <span class='ocr_line' id='line_1_25' title="bbox 174 2530 1190 2610; baseline 0.002 -21"><span class='ocrx_word' id='word_1_191' title='bbox 174 2533 306 2591; x_wconf 84' lang='lat' dir='ltr'><strong>motione</strong></span> <span class='ocrx_word' id='word_1_192' title='bbox 329 2531 456 2590; x_wconf 82' lang='lat' dir='ltr'><strong>Amatae</strong></span> <span class='ocrx_word' id='word_1_193' title='bbox 482 2535 510 2607; x_wconf 93' lang='grc'><strong>7,</strong></span> <span class='ocrx_word' id='word_1_194' title='bbox 526 2534 599 2607; x_wconf 81' lang='grc'>359,</span> <span class='ocrx_word' id='word_1_195' title='bbox 623 2533 655 2591; x_wconf 94' lang='lat' dir='ltr'><strong>in</strong></span> <span class='ocrx_word' id='word_1_196' title='bbox 678 2532 797 2610; x_wconf 83' lang='lat' dir='ltr'><strong>epilogo</strong></span> <span class='ocrx_word' id='word_1_197' title='bbox 821 2531 953 2591; x_wconf 89' lang='lat' dir='ltr'><strong>eiusdem</strong></span> <span class='ocrx_word' id='word_1_198' title='bbox 975 2530 1054 2607; x_wconf 85' lang='lat' dir='ltr'><strong>libri,</strong></span> <span class='ocrx_word' id='word_1_199' title='bbox 1072 2531 1105 2589; x_wconf 91' lang='lat' dir='ltr'><strong>in</strong></span> <span class='ocrx_word' id='word_1_200' title='bbox 1128 2533 1190 2609; x_wconf 91' lang='lat' dir='ltr'><strong>epi·</strong></span> 
     </span>
     <span class='ocr_line' id='line_1_26' title="bbox 115 2616 1191 2695; baseline 0.001 -17"><span class='ocrx_word' id='word_1_201' title='bbox 115 2616 118 2621; x_wconf 83' lang='grc'><strong>’</strong></span> <span class='ocrx_word' id='word_1_202' title='bbox 175 2620 253 2679; x_wconf 89' lang='lat' dir='ltr'><strong>stola</strong></span> <span class='ocrx_word' id='word_1_203' title='bbox 276 2619 314 2678; x_wconf 86' lang='lat' dir='ltr'><strong>ad</strong></span> <span class='ocrx_word' id='word_1_204' title='bbox 337 2619 432 2679; x_wconf 89' lang='lat' dir='ltr'><strong>filium</strong></span> <span class='ocrx_word' id='word_1_205' title='bbox 455 2621 509 2681; x_wconf 87' lang='lat' dir='ltr'><strong>lini</strong></span> <span class='ocrx_word' id='word_1_206' title='bbox 531 2621 672 2695; x_wconf 85' lang='lat' dir='ltr'><strong>subiecta,</strong></span> <span class='ocrx_word' id='word_1_207' title='bbox 695 2621 806 2680; x_wconf 90' lang='lat' dir='ltr'><strong>bonam</strong></span> <span class='ocrx_word' id='word_1_208' title='bbox 823 2622 904 2680; x_wconf 90' lang='lat' dir='ltr'><strong>haud</strong></span> <span class='ocrx_word' id='word_1_209' title='bbox 922 2621 1010 2681; x_wconf 88' lang='lat' dir='ltr'><strong>dubie</strong></span> <span class='ocrx_word' id='word_1_210' title='bbox 1029 2621 1191 2680; x_wconf 88' lang='lat' dir='ltr'><strong>dictionem</strong></span> 
     </span>
     <span class='ocr_line' id='line_1_27' title="bbox 175 2708 1189 2787; baseline 0 -19"><span class='ocrx_word' id='word_1_211' title='bbox 175 2727 237 2768; x_wconf 90' lang='lat' dir='ltr'><strong>esse</strong></span> <span class='ocrx_word' id='word_1_212' title='bbox 274 2708 461 2768; x_wconf 84' lang='lat' dir='ltr'><strong>iudicaveris.</strong></span> <span class='ocrx_word' id='word_1_213' title='bbox 514 2712 682 2770; x_wconf 85' lang='lat' dir='ltr'><strong>accuratius</strong></span> <span class='ocrx_word' id='word_1_214' title='bbox 721 2730 780 2786; x_wconf 90' lang='lat' dir='ltr'><strong>qua</strong></span> <span class='ocrx_word' id='word_1_215' title='bbox 813 2713 914 2770; x_wconf 83' lang='lat' dir='ltr'><strong>&#39;aetate</strong></span> <span class='ocrx_word' id='word_1_216' title='bbox 951 2712 1104 2787; x_wconf 89' lang='lat' dir='ltr'><strong>scripserit</strong></span> <span class='ocrx_word' id='word_1_217' title='bbox 1141 2711 1189 2769; x_wconf 90' lang='lat' dir='ltr'><strong>dc-</strong></span> 
     </span>
     <span class='ocr_line' id='line_1_28' title="bbox 173 2797 1190 2877; baseline 0.004 -22"><span class='ocrx_word' id='word_1_218' title='bbox 173 2797 297 2857; x_wconf 88' lang='lat' dir='ltr'><strong>finiendi</strong></span> <span class='ocrx_word' id='word_1_219' title='bbox 323 2798 438 2857; x_wconf 89' lang='lat' dir='ltr'><strong>nullam</strong></span> <span class='ocrx_word' id='word_1_220' title='bbox 465 2798 552 2859; x_wconf 82' lang='lat' dir='ltr'><strong>video</strong></span> <span class='ocrx_word' id='word_1_221' title='bbox 577 2801 672 2874; x_wconf 86' lang='lat' dir='ltr'><strong>viam,</strong></span> <span class='ocrx_word' id='word_1_222' title='bbox 699 2800 759 2859; x_wconf 89' lang='lat' dir='ltr'><strong>nisi</strong></span> <span class='ocrx_word' id='word_1_223' title='bbox 781 2803 815 2859; x_wconf 94' lang='lat' dir='ltr'><strong>ut</strong></span> <span class='ocrx_word' id='word_1_224' title='bbox 838 2819 914 2877; x_wconf 92' lang='lat' dir='ltr'><strong>quae</strong></span> <span class='ocrx_word' id='word_1_225' title='bbox 936 2801 1016 2860; x_wconf 91' lang='lat' dir='ltr'><strong>inter</strong></span> <span class='ocrx_word' id='word_1_226' title='bbox 1038 2801 1138 2875; x_wconf 89' lang='lat' dir='ltr'><strong>ipsum</strong></span> <span class='ocrx_word' id='word_1_227' title='bbox 1161 2803 1190 2859; x_wconf 90' lang='lat' dir='ltr'><strong>et</strong></span> 
     </span>
     <span class='ocr_line' id='line_1_29' title="bbox 175 2886 1190 2964; baseline 0 -18"><span class='ocrx_word' id='word_1_228' title='bbox 175 2886 312 2946; x_wconf 81' lang='lat' dir='ltr'><strong>Servium</strong></span> <span class='ocrx_word' id='word_1_229' title='bbox 335 2887 500 2947; x_wconf 86' lang='lat' dir='ltr'><strong>intercedat</strong></span> <span class='ocrx_word' id='word_1_230' title='bbox 521 2891 600 2948; x_wconf 86' lang='lat' dir='ltr'><strong>ratio</strong></span> <span class='ocrx_word' id='word_1_231' title='bbox 624 2908 691 2948; x_wconf 91' lang='lat' dir='ltr'><strong>cnm</strong></span> <span class='ocrx_word' id='word_1_232' title='bbox 715 2889 817 2964; x_wconf 89' lang='lat' dir='ltr'><strong>aliqua</strong></span> <span class='ocrx_word' id='word_1_233' title='bbox 839 2891 903 2949; x_wconf 87' lang='lat' dir='ltr'><strong>veri</strong></span> <span class='ocrx_word' id='word_1_234' title='bbox 930 2888 1114 2950; x_wconf 87' lang='lat' dir='ltr'><strong>similtudine</strong></span> <span class='ocrx_word' id='word_1_235' title='bbox 1142 2909 1190 2947; x_wconf 83' lang='lat' dir='ltr'><strong>ex-</strong></span> 
     </span>
     <span class='ocr_line' id='line_1_30' title="bbox 173 2975 1190 3054; baseline 0.002 -20"><span class='ocrx_word' id='word_1_236' title='bbox 173 2975 332 3051; x_wconf 87' lang='lat' dir='ltr'><strong>ploremus.</strong></span> <span class='ocrx_word' id='word_1_237' title='bbox 378 2975 415 3033; x_wconf 91' lang='lat' dir='ltr'><strong>de</strong></span> <span class='ocrx_word' id='word_1_238' title='bbox 441 2977 498 3036; x_wconf 89' lang='lat' dir='ltr'><strong>hac</strong></span> <span class='ocrx_word' id='word_1_239' title='bbox 524 2996 556 3036; x_wconf 89' lang='lat' dir='ltr'><strong>re</strong></span> <span class='ocrx_word' id='word_1_240' title='bbox 584 2977 665 3054; x_wconf 93' lang='lat' dir='ltr'><strong>quod</strong></span> <span class='ocrx_word' id='word_1_241' title='bbox 691 2980 724 3037; x_wconf 92' lang='lat' dir='ltr'><strong>in</strong></span> <span class='ocrx_word' id='word_1_242' title='bbox 751 2978 853 3038; x_wconf 89' lang='lat' dir='ltr'><strong>libello</strong></span> <span class='ocrx_word' id='word_1_243' title='bbox 881 2998 947 3038; x_wconf 90' lang='lat' dir='ltr'><strong>meo</strong></span> <span class='ocrx_word' id='word_1_244' title='bbox 971 2980 1035 3054; x_wconf 87' lang='lat' dir='ltr'><strong>p.4</strong></span> <span class='ocrx_word' id='word_1_245' title='bbox 1059 2978 1190 3037; x_wconf 86' lang='lat' dir='ltr'><strong>Burcka·</strong></span> 
     </span>
     <span class='ocr_line' id='line_1_31' title="bbox 175 3057 1191 3146; baseline 0.003 -23"><span class='ocrx_word' id='word_1_246' title='bbox 175 3057 283 3146; x_wconf 89' lang='lat' dir='ltr'><strong>sium¹)</strong></span> <span class='ocrx_word' id='word_1_247' title='bbox 312 3067 357 3123; x_wconf 91' lang='lat' dir='ltr'><strong>ita</strong></span> <span class='ocrx_word' id='word_1_248' title='bbox 385 3065 553 3142; x_wconf 87' lang='lat' dir='ltr'><strong>disputasse</strong></span> <span class='ocrx_word' id='word_1_249' title='bbox 580 3065 655 3140; x_wconf 82' lang='lat' dir='ltr'><strong>dixi,</strong></span> <span class='ocrx_word' id='word_1_250' title='bbox 683 3069 718 3124; x_wconf 92' lang='lat' dir='ltr'><strong>ut</strong></span> <span class='ocrx_word' id='word_1_251' title='bbox 742 3066 895 3126; x_wconf 87' lang='lat' dir='ltr'><strong>Donatum</strong></span> <span class='ocrx_word' id='word_1_252' title='bbox 918 3067 1015 3127; x_wconf 84' lang='lat' dir='ltr'><strong>Servii</strong></span> <span class='ocrx_word' id='word_1_253' title='bbox 1043 3083 1191 3126; x_wconf 88' lang='lat' dir='ltr'><strong>commen·</strong></span> 
     </span>
    </p>
   </div>
   <div class='ocr_carea' id='block_1_3' title="bbox 173 3153 1190 3496">
    <p class='ocr_par' dir='ltr' id='par_1_4' title="bbox 173 3153 1190 3496">
     <span class='ocr_line' id='line_1_32' title="bbox 173 3153 1190 3232; baseline 0.005 -21"><span class='ocrx_word' id='word_1_254' title='bbox 173 3155 260 3213; x_wconf 88' lang='lat' dir='ltr'><strong>tariis</strong></span> <span class='ocrx_word' id='word_1_255' title='bbox 287 3172 348 3212; x_wconf 93' lang='lat' dir='ltr'><strong>non</strong></span> <span class='ocrx_word' id='word_1_256' title='bbox 374 3173 461 3213; x_wconf 91' lang='lat' dir='ltr'><strong>usum</strong></span> <span class='ocrx_word' id='word_1_257' title='bbox 489 3174 552 3215; x_wconf 89' lang='lat' dir='ltr'><strong>esse</strong></span> <span class='ocrx_word' id='word_1_258' title='bbox 579 3174 769 3232; x_wconf 88' lang='lat' dir='ltr'><strong>nequaquam</strong></span> <span class='ocrx_word' id='word_1_259' title='bbox 792 3156 935 3230; x_wconf 88' lang='lat' dir='ltr'><strong>effecerit,</strong></span> <span class='ocrx_word' id='word_1_260' title='bbox 961 3153 1049 3214; x_wconf 90' lang='lat' dir='ltr'><strong>hodie</strong></span> <span class='ocrx_word' id='word_1_261' title='bbox 1072 3174 1190 3232; x_wconf 92' lang='lat' dir='ltr'><strong>quoque</strong></span> 
     </span>
     <span class='ocr_line' id='line_1_33' title="bbox 174 3243 1190 3320; baseline 0.004 -19"><span class='ocrx_word' id='word_1_262' title='bbox 174 3243 206 3301; x_wconf 92' lang='lat' dir='ltr'><strong>id</strong></span> <span class='ocrx_word' id='word_1_263' title='bbox 228 3245 350 3302; x_wconf 87' lang='lat' dir='ltr'><strong>retineo.</strong></span> <span class='ocrx_word' id='word_1_264' title='bbox 396 3262 466 3303; x_wconf 89' lang='lat' dir='ltr'><strong>nam</strong></span> <span class='ocrx_word' id='word_1_265' title='bbox 490 3246 516 3303; x_wconf 90' lang='lat' dir='ltr'><strong>si</strong></span> <span class='ocrx_word' id='word_1_266' title='bbox 538 3246 642 3303; x_wconf 90' lang='lat' dir='ltr'><strong>multis</strong></span> <span class='ocrx_word' id='word_1_267' title='bbox 666 3244 739 3304; x_wconf 87' lang='lat' dir='ltr'><strong>locis</strong></span> <span class='ocrx_word' id='word_1_268' title='bbox 763 3245 800 3303; x_wconf 90' lang='grc'><strong>11</strong></span> <span class='ocrx_word' id='word_1_269' title='bbox 829 3264 863 3304; x_wconf 87' lang='grc'><strong>11</strong></span> <span class='ocrx_word' id='word_1_270' title='bbox 891 3263 968 3320; x_wconf 89' lang='lat' dir='ltr'><strong>quae</strong></span> <span class='ocrx_word' id='word_1_271' title='bbox 996 3261 1063 3302; x_wconf 88' lang='lat' dir='ltr'><strong>cum</strong></span> <span class='ocrx_word' id='word_1_272' title='bbox 1087 3243 1190 3305; x_wconf 82' lang='lat' dir='ltr'><strong>Servio</strong></span> 
     </span>
     <span class='ocr_line' id='line_1_34' title="bbox 175 3332 1189 3409; baseline 0.001 -17"><span class='ocrx_word' id='word_1_273' title='bbox 175 3333 383 3392; x_wconf 82' lang='lat' dir='ltr'><strong>convenientia</strong></span> <span class='ocrx_word' id='word_1_274' title='bbox 405 3333 495 3393; x_wconf 88' lang='lat' dir='ltr'><strong>habet</strong></span> <span class='ocrx_word' id='word_1_275' title='bbox 518 3334 579 3392; x_wconf 88' lang='lat' dir='ltr'><strong>alia</strong></span> <span class='ocrx_word' id='word_1_276' title='bbox 603 3333 687 3392; x_wconf 88' lang='lat' dir='ltr'><strong>addit</strong></span> <span class='ocrx_word' id='word_1_277' title='bbox 709 3334 757 3392; x_wconf 88' lang='lat' dir='ltr'><strong>vel</strong></span> <span class='ocrx_word' id='word_1_278' title='bbox 780 3334 861 3394; x_wconf 92' lang='lat' dir='ltr'><strong>locos</strong></span> <span class='ocrx_word' id='word_1_279' title='bbox 885 3332 1030 3409; x_wconf 90' lang='lat' dir='ltr'><strong>quosdam</strong></span> <span class='ocrx_word' id='word_1_280' title='bbox 1053 3332 1189 3393; x_wconf 88' lang='lat' dir='ltr'><strong>difficiles</strong></span> 
     </span>
     <span class='ocr_line' id='line_1_35' title="bbox 176 3420 1190 3496; baseline 0.002 -17"><span class='ocrx_word' id='word_1_281' title='bbox 176 3420 264 3481; x_wconf 87' lang='lat' dir='ltr'><strong>aliter</strong></span> <span class='ocrx_word' id='word_1_282' title='bbox 286 3422 503 3496; x_wconf 87' lang='lat' dir='ltr'><strong>interpretatur</strong></span> <span class='ocrx_word' id='word_1_283' title='bbox 526 3441 560 3481; x_wconf 89' lang='lat' dir='ltr'><strong>ac</strong></span> <span class='ocrx_word' id='word_1_284' title='bbox 584 3422 706 3481; x_wconf 83' lang='lat' dir='ltr'><strong>Servius</strong></span> <span class='ocrx_word' id='word_1_285' title='bbox 729 3422 777 3481; x_wconf 83' lang='lat' dir='ltr'><strong>vel</strong></span> <span class='ocrx_word' id='word_1_286' title='bbox 801 3441 868 3481; x_wconf 93' lang='lat' dir='ltr'><strong>cum</strong></span> <span class='ocrx_word' id='word_1_287' title='bbox 894 3421 1106 3482; x_wconf 88' lang='lat' dir='ltr'><strong>additamentis</strong></span> <span class='ocrx_word' id='word_1_288' title='bbox 1131 3423 1190 3481; x_wconf 84' lang='lat' dir='ltr'><strong>Da-</strong></span> 
     </span>
    </p>
   </div>
   <div class='ocr_carea' id='block_1_4' title="bbox 148 3624 1190 3762">
    <p class='ocr_par' dir='ltr' id='par_1_5' title="bbox 148 3624 1190 3762">
     <span class='ocr_line' id='line_1_36' title="bbox 238 3624 1190 3693; baseline 0.005 -16"><span class='ocrx_word' id='word_1_289' title='bbox 238 3631 269 3693; x_wconf 89' lang='lat'><strong>1)</strong></span> <span class='ocrx_word' id='word_1_290' title='bbox 285 3626 417 3681; x_wconf 79' lang='lat' dir='ltr'><strong>Burclras</strong></span> <span class='ocrx_word' id='word_1_291' title='bbox 437 3627 472 3679; x_wconf 90' lang='lat' dir='ltr'><strong>de</strong></span> <span class='ocrx_word' id='word_1_292' title='bbox 491 3625 533 3678; x_wconf 87' lang='lat' dir='ltr'><strong>Ti.</strong></span> <span class='ocrx_word' id='word_1_293' title='bbox 549 3624 649 3680; x_wconf 84' lang='lat' dir='ltr'><strong>Claudi</strong></span> <span class='ocrx_word' id='word_1_294' title='bbox 668 3626 772 3683; x_wconf 90' lang='lat' dir='ltr'><strong>Donati</strong></span> <span class='ocrx_word' id='word_1_295' title='bbox 790 3626 821 3679; x_wconf 94' lang='lat' dir='ltr'><strong>in</strong></span> <span class='ocrx_word' id='word_1_296' title='bbox 838 3625 965 3681; x_wconf 82' lang='lat' dir='ltr'><strong>Aeneida</strong></span> <span class='ocrx_word' id='word_1_297' title='bbox 989 3628 1190 3683; x_wconf 86' lang='lat' dir='ltr'><strong>commentario</strong></span> 
     </span>
     <span class='ocr_line' id='line_1_37' title="bbox 148 3689 544 3762; baseline 0.04 -25"><span class='ocrx_word' id='word_1_298' title='bbox 148 3689 331 3762; x_wconf 71' lang='lat' dir='ltr'><strong>dissertatio,</strong></span> <span class='ocrx_word' id='word_1_299' title='bbox 353 3698 444 3751; x_wconf 82' lang='lat' dir='ltr'><strong>lenae</strong></span> <span class='ocrx_word' id='word_1_300' title='bbox 463 3702 544 3753; x_wconf 90' lang='grc'><strong>1888.</strong></span> 
     </span>
    </p>
   </div>
   <div class='ocr_carea' id='block_1_5' title="bbox 0 0 1378 4159">
    <p class='ocr_par' dir='ltr' id='par_1_6' title="bbox 0 0 1378 4159">
     <span class='ocr_line' id='line_1_38' title="bbox 0 0 1378 4159; baseline 0 0"><span class='ocrx_word' id='word_1_301' title='bbox 0 0 1378 4159; x_wconf 95' lang='lat' dir='ltr'><strong> </strong></span> 
     </span>
    </p>
   </div>
  </div>
 </body>
</html>
