2734 4159
456 396 460 404 ·
550 357 733 413 AENEIDOS
752 358 791 412 VI
1122 357 1189 423 535

169 530 242 604 quia
271 529 324 587 sub
353 530 415 587 eins
444 528 538 588 oculis
566 529 764 601 transierunt,
796 527 868 604 quia
897 519 1036 587 sederunt
1065 529 1097 585 in
1125 527 1189 586 solo

170 618 296 677 herboso
325 619 355 676 et
381 617 525 693 iucundo,
557 617 706 677 intellexit
732 616 849 676 Aeneas
880 617 912 674 in
940 620 1076 676 materno
1103 619 1189 694 signo

171 725 289 767 omnem
312 725 375 766 esse
398 706 569 765 inveniendi
592 706 669 764 rami
690 705 898 765 substantiam.
940 705 1092 765 venientes
1111 706 1189 764 enim

171 796 207 854 de
232 797 314 855 caelo
338 799 439 871 aperte
462 796 671 855 monstrabant
693 814 754 853 non
777 794 859 853 aliud
887 813 917 853 se
941 796 1017 853 ferre
1045 795 1104 854 nisi
1127 797 1190 853 eius

142 885 392 960 sexpeditionem
419 884 463 943 rei
494 884 530 942 de
559 903 619 960 qua
647 883 838 961 cogitabatur
864 885 894 941 in
925 884 1082 960 praesenti.
1129 888 1190 942 tum

171 977 319 1034 mactmus
342 976 440 1033 boos:
468 974 534 1032 laus
557 975 617 1033 iste
640 992 699 1032 non
728 972 766 1032 ad
794 974 925 1049 corporis
953 973 1045 1047 bone,
1073 972 1124 1032 sed
1152 972 1191 1030 ad

172 1064 266 1122 animi
289 1064 416 1122 virtutes
438 1062 578 1138 pertinet.
620 1062 779 1139 vigilantia
802 1065 881 1120 enim
900 1063 1009 1121 mentis
1028 1065 1059 1121 ct
1077 1063 1191 1121 astutia

173 1171 235 1228 qua
251 1152 368 1212 Aeneas
391 1152 523 1227 pollebat
545 1151 695 1211 intellexit
717 1153 872 1229 angustias
896 1168 964 1210 suas
987 1140 1122 1209 materno
1145 1170 1190 1209 re-

172 1241 270 1300 medio
294 1242 465 1301 sublevatas
489 1241 610 1300 stillas
634 1258 704 1299 aves
731 1240 950 1317 expeditionem
976 1240 1064 1299 rebus
1091 1258 1190 1299 neees-

131 1350 159 1391 ιο
173 1332 259 1391 seriis
295 1332 380 1391 ferre.
431 1330 487 1389 hoc
514 1332 560 1390 est
588 1330 667 1405 quod
697 1331 743 1389 ait
773 1334 922 1389 Marnas
959 1332 1089 1404 opposcit
1123 1344 1192 1388 aces

173 1420 321 1492 laetusque
338 1424 495 1494 practer:
517 1420 610 1495 quod,
632 1420 745 1495 inquit,
773 1420 924 1477 maternas
953 1419 1089 1497 agnoscit
1112 1436 1191 1492 aves,

173 1510 227 1567 has
251 1513 391 1586 coeperat
413 1509 511 1568 laetus
534 1508 662 1568 hortari:
691 1513 747 1568 este
769 1509 869 1575 duem,
893 1526 909 1565 0
931 1510 959 1565 si
981 1525 1041 1581 qua
1067 1509 1119 1567 cic
1142 1511 1191 1565 est.

173 1599 247 1657 bene
275 1598 311 1655 de
340 1601 389 1658 via
420 1616 496 1673 quae
527 1598 565 1657 ad
595 1617 714 1656 ramum
743 1598 865 1657 duceret
893 1596 1058 1671 dubitavit3
1091 1595 1192 1655 stabat

174 1689 253 1745 enim
280 1690 312 1745 in
341 1688 431 1761 silva,
463 1688 546 1746 cuins
574 1686 705 1747 densitas
735 1688 875 1745 universa
907 1686 1106 1745 concluserat:
1129 1702 1191 1759 vos,

133 1794 159 1835 re
174 1778 281 1852 iuquit,
304 1779 386 1836 viam
408 1778 582 1851 monstrate,
606 1776 632 1835 si
654 1776 718 1834 ulla
737 1778 790 1835 est.
836 1792 1010 1847 mammeae
1022 1792 1080 1849 per
1098 1792 1192 1833 meras

174 1866 290 1940 diripite
312 1869 345 1925 ia
368 1867 455 1933 tucos,
478 1867 529 1925 ubl
542 1868 685 1940 placuero
702 1865 782 1923 dices
805 1869 910 1938 opacat
926 1881 1029 1922 ramus
1047 1865 1183 1923 bamam:
1194 1866 1245 1917 195

175 1974 227 2013 vos
252 1956 329 2013 enim
353 1956 480 2030 potestis
503 1954 638 2013 difficilia
666 1972 819 2029 superare,
847 1972 922 2028 quas
950 1972 1041 2011 aurae
1068 1955 1193 2029 portant

176 2047 205 2102 et
219 2043 363 2103 silvarum
381 2044 592 2119 inpedimentis
611 2044 690 2103 leves
709 2042 826 2119 pinnae·
836 2041 1029 2119 suspendunt.
1066 2060 1120 2101 vos
1137 2041 1191 2100 illc

175 2132 256 2191 viam
279 2133 400 2211 dirigite
423 2132 475 2192 ubi
498 2133 580 2192 dives
603 2151 705 2192 ramus
728 2135 837 2209 opacat
860 2125 958 2191 locum
985 2133 1018 2189 in
1046 2149 1104 2206 quo
1129 2148 1192 2190 esse

134 2240 161 2279 eo
176 2223 358 2281 commeruit.
405 2227 492 2296 taque
514 2240 530 2281 o
553 2223 651 2281 dubiis
673 2239 711 2281 ue
724 2222 822 2295 'defice
848 2222 948 2289 rebus,
976 2221 1047 2279 dicu
1064 2237 1193 2294 pareas:

176 2313 206 2369 et
224 2312 259 2368 tu
276 2313 372 2369 mater
391 2330 427 2369 ne
447 2311 547 2369 desere
565 2310 669 2387 filium,
684 2330 751 2369 eum
769 2312 819 2369 vel
832 2311 961 2369 maxime
976 2329 1064 2386 quem
1078 2310 1193 2367 ineerta

176 2398 358 2457 confodiunt.
394 2419 411 2459 o
430 2400 540 2477 posuit,
555 2420 622 2460 cum
639 2401 813 2475 loqueretur
830 2418 898 2459 cum
916 2399 1070 2472 columbis,
1084 2416 1110 2473 o,
1125 2416 1193 2456 oum

175 2505 293 2562 precem
311 2490 447 2547 torsisset
466 2489 504 2547 ad
522 2492 663 2564 matrem3
681 2489 745 2549 illic
763 2488 841 2547 enim
860 2489 984 2565 ponitur
995 2487 1049 2546 ubi
1067 2487 1193 2562 simplex

175 2576 307 2634 hortatio
327 2580 372 2636 est
391 2580 421 2635 et
438 2577 557 2636 blanda.
591 2580 634 2637 stc
651 2572 757 2654 offatm
774 2580 896 2652 castigio
908 2578 1019 2651 pressit
1036 2578 1193 2635 observares

135 2682 162 2723 rs
176 2682 250 2737 qaae
272 2667 358 2740 siqua
380 2668 487 2740 fauni,
510 2684 565 2740 quo
589 2668 704 2726 leudem
720 2672 862 2741 paueat:
890 2668 1009 2744 praeter
1032 2665 1194 2725 adventum-

176 2756 268 2827 enim,
292 2774 351 2830 quo
374 2774 457 2832 spem
480 2757 641 2814 maximam
663 2755 818 2815 columbae
841 2754 1073 2831 pollicebantur,
1101 2754 1193 2812 etiam

177 2843 311 2903 sedentes
326 2844 438 2920 aliquid
453 2847 593 2920 poterant
607 2847 638 2903 et
651 2845 782 2904 motibus
796 2845 925 2922 propriis
937 2842 1085 2902 nuntiare.
1113 2841 1194 2917 quod

176 2935 275 3009 ipsum
286 2934 480 3009 quiaAeneas
490 2936 616 2994 noverat
624 2952 711 3010 posse
721 2935 886 3009 provenire,
896 2932 1074 2993 observabat
1082 2932 1195 2991 tacitus⁴

176 3021 312 3099 vestigiis
321 3020 534 3098 fixis,utsciret
542 3021 1193 3099 quaeessenthabituraeindiciafuturomm.

135 3128 163 3169 so
171 3116 324 3184 pascentes
341 3111 411 3171 illuc
427 3117 540 3172 taatmn
550 3113 688 3187 prosim
701 3112 826 3171 colundo
840 3114 982 3186 quautam
996 3112 1186 3183 artaperses
1194 3112 1248 3161 200
1268 3184 1270 3187 ι

177 3194 254 3257 oculi
264 3196 383 3259 secare
396 3199 578 3274 sequentum:
596 3199 780 3277 prodierunt,
794 3202 903 3276 inquit,
916 3198 1059 3259 volando:
1077 3197 1195 3275 prodie-

177 3291 248 3347 runt
261 3290 371 3365 pedum
385 3291 534 3369 significat
548 3308 692 3368 gressum,
705 3290 829 3350 volandi
842 3292 944 3348 autem
956 3290 1059 3365 partes
1073 3288 1111 3347 ad
1130 3287 1194 3346 alas

250 3465 389 3515 3omaem
407 3460 433 3513 V
451 3477 529 3515 omen
547 3460 590 3515 ed.
677 3460 798 3513 taliud
815 3458 841 3512 V
859 3460 930 3513 alios
948 3458 992 3513 ed.
1084 3457 1195 3512 'lecim

176 3546 231 3583 om.
247 3531 289 3585 ed.
347 3536 379 3584 12
398 3533 449 3586 bus
466 3531 492 3584 V
509 3532 553 3587 bis
571 3531 614 3586 ed.
675 3536 709 3585 16
728 3531 834 3585 diemo
848 3536 937 3600 papst
954 3529 988 3583 V.
1049 3534 1082 3583 19
1093 3544 1196 3613 ‘ramus

177 3601 315 3726 dddrladdl
328 3602 710 3743 huddmdrddicddnlfmpdddire
720 3600 925 3742 {zupppcepepg
938 3606 1016 3737 libid
1032 3598 1205 3737 dddlldldtled·

176 3742 247 3796 Don.
267 3759 319 3813 per
337 3744 529 3817 synaloephen
546 3744 651 3817 legisse
668 3747 704 3801 ut
721 3746 765 3801 dii
780 3749 839 3799 ‘aba
857 3746 890 3799 et
903 3743 1030 3811 ubique.
1190 3765 1192 3768 ·
