2734 4159
573 326 758 397 samos
774 328 814 383 IV
1139 328 1204 395 371

185 500 294 570 qentnr
320 513 428 570 opaco:
462 498 632 571 mennon
658 498 740 557 Dido
767 499 828 557 dnn
855 501 881 557 et
910 498 1057 557 Troianas
1085 499 1207 557 eandem

188 585 347 645 devenient.
392 588 481 646 adero
509 590 548 655 et,
575 590 627 645 tna
653 590 681 646 st
703 586 776 646 maa
799 592 876 646 certa
898 588 1048 657 aotnntas,
1076 589 1260 647 connbnsao

186 676 438 749 inmamssstabili
466 679 677 750 napatamnn
708 676 817 735 dicabo.
863 676 910 735 tic
935 677 1111 751 hymenaeus
1139 679 1208 736 enit:

187 783 270 838 mox,
298 763 354 839 ait,
381 768 417 824 ut
443 764 494 823 lnx
522 768 653 824 crastina
680 766 772 824 fuerit
794 768 910 840 exorta,
933 765 1050 825 Aeneas
1074 769 1104 825 et
1125 765 1206 825 Dido

164 856 331 915 evenatum
347 854 392 912 ire
411 854 581 929 disponunt.
618 856 717 929 prima
736 855 850 914 occasio
868 857 903 913 ut
920 857 952 912 in
971 875 1063 914 unum
1081 856 1206 914 veniant

187 942 283 1001 futuri
306 942 344 1000 ad
366 942 433 1002 loca
455 962 620 1018 nemorosa,
639 962 716 1018 quae
735 945 885 1020 opacitate
904 945 952 1003 sui
970 946 1102 1003 omnium
1123 943 1206 1003 visus

188 1030 355 1091 excludant.
400 1032 460 1107 his,
487 1034 599 1109 inquit,
622 1034 775 1091 inmittam
797 1033 945 1109 pluviam,
971 1052 1020 1107 ae,
1046 1052 1085 1092 nc
1108 1026 1206 1108 aquae¹

188 1121 372 1196 contemptui
403 1121 583 1196 habeantur,
615 1123 756 1181 misceam
789 1121 964 1199 grandinem
997 1125 1028 1180 et
1054 1122 1128 1181 baec
1155 1121 1205 1180 de·

188 1227 277 1285 super
299 1210 470 1284 infundam,
493 1228 619 1286 cumque
642 1211 783 1270 avocabit
804 1212 958 1270 universos
981 1211 1105 1289 indago,
1128 1211 1205 1269 nim·

155 1321 176 1360 ro
187 1298 242 1359 bus
267 1302 297 1356 et
319 1300 434 1376 grando
455 1318 515 1358 non
533 1300 632 1359 sinent
650 1300 777 1359 adunari
795 1300 944 1377 dispersos
963 1305 993 1359 et
1012 1300 1051 1360 ad
1068 1300 1205 1378 reginam

188 1389 334 1447 maturius
362 1407 506 1463 remeare,
534 1388 605 1447 dum
632 1390 699 1448 alae
721 1389 886 1466 trepidant,
915 1390 985 1448 dum
1013 1390 1204 1449 observantes

188 1476 224 1534 ad
247 1478 326 1536 retia
348 1478 454 1553 pedem
478 1477 589 1536 ecferre
610 1497 671 1537 non
692 1481 825 1555 possunt,
843 1478 968 1538 movebo
989 1498 1108 1555 quoque
1125 1478 1204 1538 toni·

186 1568 269 1640 tina,
292 1569 339 1640 ut,
364 1584 431 1625 cum
454 1569 563 1625 terrori
585 1569 686 1627 omnia
707 1569 833 1643 fuerint,
859 1569 892 1626 in
915 1586 1007 1626 unam
1031 1568 1205 1644 speluncam

187 1655 243 1715 soli
271 1654 421 1732 fugientes
448 1657 550 1715 favore
578 1674 645 1715 meo
673 1675 709 1715 ac
731 1660 783 1716 tuo
799 1702 1007 1715 ..........
1053 1659 1081 1715 si
1102 1661 1204 1715 tamen

155 1766 175 1805 a
188 1744 279 1803 etiam
305 1747 376 1803 tuae
404 1745 570 1804 voluntatis
598 1763 757 1806 consensus
781 1747 906 1822 accedit,
931 1746 1057 1806 conubio
1080 1748 1204 1824 iungam

188 1837 279 1909 atque
297 1835 350 1910 ita,
369 1837 404 1892 ut
421 1836 566 1910 perpetuo
588 1835 775 1894 matrimonii
797 1836 917 1895 vinculo
940 1838 1108 1894 teneantur.
1143 1852 1204 1894 non

188 1924 344 1982 adversata
361 1926 472 1997 petenti
495 1925 599 1982 adnntt
622 1929 707 1997 atqne
730 1925 805 1984 dotto
822 1927 890 1984 re'sa't
910 1924 1050 1999 Cytherea
1067 1927 1204 1998 repertis:

187 2030 254 2070 cum
276 2012 349 2071 haec
372 2011 447 2070 Iuno
471 2012 606 2087 dixisset,
633 2014 731 2072 noluit
753 2013 854 2073 Venus
882 2013 1034 2074 adversari
1061 2015 1204 2089 petitioni

187 2119 221 2159 ac
243 2101 396 2160 voluntati
418 2103 481 2160 eius
504 2103 686 2177 perindeque
710 2104 862 2162 consensit
886 2103 986 2162 ridens
1014 2101 1203 2162 adversariae

151 2189 270 2249 coelos
294 2190 514 2249 evidentissime
536 2192 678 2268 patuisse,
704 2210 780 2268 quae
803 2194 845 2251 sic
867 2191 1039 2266 insistebat,
1062 2195 1097 2250 ut
1118 2191 1204 2251 fieret

187 2278 302 2355 aliquid
326 2280 406 2355 quod
429 2283 507 2339 esset
524 2280 642 2340 Aeneae
661 2281 858 2356 Troianisque
877 2283 1069 2356 contrarium,
1088 2282 1204 2341 scilieet

186 2371 220 2426 ut
250 2388 378 2445 regnum
404 2368 512 2428 Itadiae
539 2369 668 2445 Libycas
702 2370 872 2429 adverteret
903 2389 970 2429 oras
1002 2371 1059 2429 hoc
1091 2373 1135 2429 est
1163 2371 1201 2429 ad

185 2456 313 2533 Libycas
336 2477 404 2517 oras
426 2461 563 2517 verteret.

254 2546 402 2605 Oceanwn
431 2550 543 2606 interea
574 2564 697 2622 serpens
723 2547 846 2607 Annona
877 2550 1001 2622 retinnit.
1047 2551 1071 2607 n
1095 2551 1193 2622 pontis
1204 2554 1256 2603 130

137 2637 288 2695 satanan
311 2640 406 2695 anorto
429 2638 537 2696 detecta
558 2640 702 2705 inaentns,
724 2640 799 2696 natta
821 2655 908 2706 rara,
925 2639 1049 2713 playae,
1072 2639 1131 2696 lato
1154 2655 1200 2697 aa·

185 2726 297 2783 nabata
319 2728 399 2799 ferro
417 2726 601 2799 Massyttane
623 2731 717 2785 natant
739 2728 845 2800 eqna'tas
868 2731 895 2785 et
912 2727 1003 2786 odana
1022 2745 1129 2786 canan
1147 2729 1201 2787 ais.

184 2811 336 2888 [recinam
364 2816 491 2874 thalamo
518 2820 699 2875 annotantem
726 2818 766 2875 ad
793 2815 897 2874 limina
919 2817 1014 2889 print
1037 2816 1202 2875 Poenornvn

186 2902 365 2978 expectant·
397 2908 450 2963 aut
472 2903 599 2964 Didonis
627 2904 767 2963 meritum
789 2905 849 2963 fuit
872 2908 925 2963 aut
947 2905 1073 2963 dedecus
1096 2905 1209 2981 Tyrio-'

185 3013 252 3051 rum
284 2996 319 3051 ut
350 2996 541 3068 expectarent
571 2994 707 3071 reginam
740 2994 895 3054 constituti
924 2996 993 3052 ante
1021 2993 1099 3053 fores
1128 2996 1202 3069 eius,

257 3150 272 3197 7
293 3162 381 3212 aqnac
399 3145 421 3197 L
444 3163 514 3214 qnae
531 3144 557 3197 R
579 3164 654 3214 aqna
675 3165 691 3199 r
712 3164 768 3214 aaa
790 3144 847 3199 HU
866 3146 909 3199 ed.
932 3162 1022 3214 nanae
1045 3144 1146 3199 Onos.

186 3222 201 3270 8
219 3217 374 3270 habeantur
391 3216 444 3269 LR
462 3217 505 3269 cd.
526 3235 619 3271 -annr
637 3218 680 3271 ed.
695 3219 768 3286 post.
790 3220 793 3287 l
818 3219 932 3271 miscebo
951 3217 994 3270 ed.
1016 3218 1019 3285 t
1044 3223 1070 3271 et
1088 3234 1141 3270 om.
1155 3216 1198 3269 ed.

240 3292 273 3341 10
292 3290 418 3343 adnnane
436 3288 488 3340 LR
507 3290 547 3342 -ne'
564 3305 615 3341 noe
634 3290 776 3343 convenire
794 3288 837 3341 ed.
940 3293 972 3341 12
991 3288 1091 3353 ecferre
1109 3288 1134 3340 R
1151 3304 1202 3342 nec

185 3360 256 3424 ferne
274 3358 296 3411 L
314 3361 415 3425 referre
433 3360 476 3413 ed.
507 3361 511 3430 Ι
544 3363 652 3415 monebo
670 3360 723 3413 LR
741 3376 804 3414 non
822 3377 855 3412 n.
876 3359 919 3414 ed.
999 3365 1031 3413 13
1050 3361 1152 3427 fannon
1169 3358 1199 3412 L.

240 3436 274 3483 14
292 3437 340 3485 tno
358 3430 411 3483 LR
430 3437 448 3484 t.
464 3432 610 3486 deveniant
628 3432 684 3486 ed:
705 3430 836 3484 lacunam
854 3430 987 3498 indicavi,
1002 3446 1075 3498 quae
1094 3431 1135 3484 sic
1154 3445 1200 3483 ex-

185 3501 290 3569 plenda
309 3504 359 3566 est,
378 3505 411 3555 ut
425 3503 512 3556 etiam
527 3508 617 3557 tanen
631 3502 708 3571 quod
723 3502 850 3570 sequitur
863 3502 970 3556 habeat
984 3518 1039 3570 quo
1054 3502 1201 3569 referatur,

185 3573 304 3636 tortasse
319 3591 437 3627 ornarem
451 3575 582 3643 inpleant.
639 3581 673 3627 22
693 3574 842 3627 adverteret
855 3573 907 3626 LR
921 3574 1101 3628 confirmatur
1114 3574 1201 3627 inter·

186 3644 352 3711 pretatione.
416 3651 449 3697 26
469 3646 636 3713 massilliane
654 3644 714 3699 LR.
775 3650 808 3699 ‘it
828 3647 1050 3717 rapinane—nb
1069 3648 1221 3713 aspectant

186 3715 264 3770 deest
280 3716 310 3767 in
327 3715 390 3781 ΒΕ,
410 3717 460 3769 sed
479 3716 647 3786 explicatur.

964 3809 1023 3864 Ἃ*
