2734 4159
441 379 444 386 ‚
561 341 745 396 AENEIDOS
763 341 803 396 VI
823 339 836 352 ’“
1128 342 1194 408 545

172 509 256 568 Ditis
278 526 390 569 uacuas
413 515 439 570 et
460 512 567 570 iuauia
589 529 697 585 reque:
719 531 773 586 per
790 511 911 571 umbras
925 510 969 569 ire
984 530 1019 570 ac
1032 530 1087 588 per
1099 512 1195 571 solam

173 599 294 664 noctem
322 617 412 674 quam
439 599 613 676 inpossibile
641 601 699 659 est!
728 600 791 659 sola
819 602 898 660 enim
921 618 980 658 nox
1004 604 1049 659 est
1072 602 1120 660 cui
1142 601 1194 660 lux

173 688 259 745 nulla
282 687 412 747 succedit
436 707 470 748 ac
492 709 547 764 per
574 689 629 749 hoc
652 692 806 766 perpetua.
853 690 905 749 dat
932 692 1034 748 tamen
1061 690 1195 766 aliquam

173 776 406 853 possibilitatem
429 777 555 837 inducta
577 778 786 837 similitudine:
810 780 904 851 quale,
927 779 1040 854 inquit,
1058 797 1115 852 per
1137 783 1248 839 iutro

143 870 283 927 scemam
304 866 422 936 lunam,
452 867 508 926 hoo
535 870 581 925 est
607 869 639 925 in
666 869 741 943 ipsis
769 867 865 927 initiis
895 869 1026 945 positam
1053 870 1107 927 aut
1138 867 1195 926 sub

171 954 276 1013 nubilo
305 956 512 1031 constitutam,
540 958 594 1015 sub
622 958 685 1016 luce
711 958 857 1031 malique,
885 976 945 1016 non
972 958 1054 1016 clara
1082 959 1112 1016 et
1134 976 1194 1015 non

172 1043 271 1121 plena,
295 1046 326 1103 et
350 1063 425 1119 quae
448 1063 565 1105 securos
589 1045 725 1104 invideat
748 1064 875 1123 gressus.
917 1045 1003 1105 addit
1026 1045 1120 1106 aliud:
1154 1050 1195 1105 est

155 1136 229 1193 iter
254 1135 288 1192 iu
314 1134 406 1202 siluis,
438 1137 474 1192 ut
500 1134 597 1210 ipsam
624 1135 736 1194 malam
763 1136 859 1194 lucem
886 1138 1018 1195 maxima
1045 1155 1080 1194 ex
1107 1137 1193 1211 parte

173 1221 320 1281 silvarum
343 1221 474 1281 densitas
496 1224 606 1298 rapiat.
652 1243 718 1283 ecoe
746 1223 890 1299 quiddam
918 1224 1040 1284 luminis
1063 1225 1140 1284 dixit
1161 1226 1193 1283 in

130 1332 160 1373 ιο
173 1312 236 1369 illis
258 1310 389 1370 tenebris
413 1312 517 1386 fuisse,
546 1315 730 1371 nontamen
758 1314 888 1389 plenum.
934 1313 1020 1372 ibant
1047 1333 1117 1392 ergo
1140 1333 1194 1389 per

173 1400 240 1459 loca
262 1419 358 1460 vacua
381 1403 412 1460 et
438 1402 555 1476 inania,
588 1403 660 1476 quis
690 1420 744 1460 nec
772 1403 853 1477 quod
879 1401 1031 1462 videretur
1058 1404 1117 1461 suit
1139 1421 1193 1462 nec

171 1490 221 1549 oui
249 1492 350 1566 posset
377 1491 501 1548 occurri.
551 1492 725 1549 oedibmum
748 1496 815 1551 arete
841 1495 939 1566 ipsum
969 1495 1134 1566 primisque
1160 1494 1193 1551 iu

171 1579 310 1653 suricibus
342 1578 410 1638 Orci
438 1579 552 1639 Iruetus
584 1584 610 1639 et
638 1581 758 1639 ultrices
783 1597 910 1654 posuere
941 1582 1052 1641 cubilia
1086 1581 1191 1649 (lurae,

167 1668 368 1741 paileutesque
394 1669 528 1727 habitarit
554 1671 656 1728 Morbi
683 1671 830 1744 tristesque
858 1670 995 1729 Senectus
1030 1676 1056 1729 et
1082 1672 1182 1729 Metus
1193 1676 1246 1724 275

129 1776 158 1819 rs
173 1761 200 1816 et
230 1757 403 1816 malesuada
435 1758 544 1817 Fames
574 1776 609 1817 ae
645 1760 741 1832 turpis
772 1760 914 1833 qustas,
950 1760 1093 1819 terribiles
1125 1762 1193 1818 risu

172 1846 294 1921 formae,
318 1846 479 1921 Letumque
497 1847 655 1920 Laborque
677 1852 740 1906 tum
762 1851 997 1924 ceruaaquiucus
1015 1849 1083 1908 Leti
1099 1848 1193 1922 Sopor

173 1953 209 1993 ac
231 1937 312 1994 mala
337 1938 441 1996 mentis
466 1935 588 1995 Gaudia
613 1939 853 2011 mortiferumque
881 1938 1003 1997 aduerso
1030 1941 1064 1997 iu
1092 1938 1193 1997 limiae

171 2024 292 2083 Bellum
311 2026 457 2099 ferreique
475 2026 676 2086 Eumenidum
698 2028 821 2086 thalami
845 2031 871 2085 et
888 2027 1049 2087 Discordia
1067 2028 1245 2086 demeus280

172 2116 321 2187 vipereum
336 2116 443 2174 crimem
457 2116 537 2174 cittis
550 2117 658 2175 iuueua
673 2118 814 2175 erueretis:
831 2117 957 2175 feralem
970 2116 1051 2175 Ditis
1070 2116 1192 2175 domum

128 2221 158 2262 so
173 2221 239 2261 ecce
270 2203 358 2277 quale
386 2203 564 2263 observabat
587 2205 719 2264 officium
746 2208 779 2264 in
801 2206 899 2280 primo
928 2205 1090 2265 vestibulo!
1128 2206 1192 2263 illic

173 2294 252 2350 enim
282 2292 402 2351 fuerant
433 2294 534 2352 omnia
566 2312 642 2368 quae
675 2296 810 2353 cmciant
836 2296 921 2354 vivos
950 2298 1004 2353 aut
1036 2294 1191 2353 defimctos

173 2381 328 2458 adfligunt.
369 2383 442 2441 haec
466 2383 636 2459 specialiter
659 2386 832 2442 enumerata
855 2386 925 2442 sunt
948 2386 978 2442 et
1001 2382 1104 2458 aliqua
1122 2401 1190 2440 cum

173 2472 234 2529 suis
258 2470 398 2546 epithetis
425 2472 538 2548 posita:
566 2470 677 2531 Luctus
705 2473 816 2547 primo,
845 2491 972 2547 quorum
1001 2471 1138 2531 sordidus
1162 2474 1191 2531 et

173 2560 351 2618 miserabilis
382 2561 480 2619 cultus
511 2561 569 2634 est3
600 2558 708 2634 Curae,
740 2579 816 2636 quae
847 2579 1062 2636 quemcumque
1092 2578 1191 2635 posse·

130 2646 272 2707 sederint
294 2651 448 2725 torquent,
471 2667 596 2725 posuere
625 2648 750 2707 cubilia:
778 2649 959 2727 significavit
987 2668 1036 2709 eas
1060 2668 1079 2707 a
1101 2650 1191 2708 vesti-

172 2736 242 2794 bulo
266 2738 319 2795 illo
342 2756 402 2796 nou
425 2737 541 2810 divelli3
565 2737 714 2813 pallentes
732 2738 842 2797 Morbi:
866 2757 968 2797 omnes
991 2739 1071 2796 enim
1093 2738 1192 2796 Morbi

171 2826 318 2901 pallorem
335 2826 468 2885 inferunt
486 2828 584 2904 aegris
604 2845 678 2903 quos
697 2829 907 2904 corripuerint3
930 2827 1026 2887 tristis
1041 2826 1191 2900 Senectus,

172 2916 220 2974 vel
249 2915 328 2990 quod
355 2918 438 2993 rugis
467 2916 623 2975 contrahat
651 2935 754 2975 eorum
776 2917 877 2976 vultus
905 2918 959 2991 qui
981 2916 1110 2975 vixerint
1137 2916 1190 2974 diu

172 3004 221 3063 vel
239 3005 319 3079 quod
337 3007 427 3063 morti
440 3006 590 3081 proximos
607 3006 713 3079 faciat3
737 3008 768 3064 et
782 3005 888 3081 Metus,
907 3024 966 3080 quo
982 3007 1191 3064 excruciantur

128 3114 158 3154 so
171 3094 307 3153 homines
323 3095 374 3169 qui
389 3113 424 3151 ex
438 3094 540 3169 aliqua
554 3096 737 3153 conscientia
750 3094 885 3169 aliquam
898 3096 1037 3153 metuunt
1051 3113 1190 3169 poensm3

172 3184 278 3241 Fames
302 3183 487 3241 malesuada:
509 3184 620 3242 famem
638 3203 698 3243 non
722 3184 820 3243 solum
842 3186 1006 3261 egestatem
1025 3183 1122 3242 victus
1141 3183 1190 3241 de-

171 3272 275 3331 bemus
303 3272 449 3350 accipere,
482 3291 559 3348 quae
585 3273 705 3348 inopiae
733 3291 824 3332 causa
852 3274 986 3351 suggerit
1014 3271 1190 3331 detestanda

245 3447 315 3496 3-4
334 3444 372 3497 du
390 3449 481 3499 tumeu
499 3442 623 3511 aliquam
632 3443 823 3511 possibilitati
836 3441 953 3496 inductu
965 3441 1151 3496 similitudini
1164 3439 1190 3493 V

172 3515 275 3569 idcirco
298 3515 421 3582 utiquam
441 3513 635 3583 possibilitatis
657 3514 767 3568 inducit
788 3513 999 3568 similitudimem
1017 3511 1072 3565 ΗΟ
1092 3511 1135 3566 ed.

174 3591 188 3638 ‘l
208 3593 233 3640 et
251 3602 321 3656 quae
338 3601 445 3640 securos
462 3583 506 3639 bis
525 3584 640 3653 scripsit
657 3584 691 3638 V.
717 3590 721 3653 Ι
750 3600 854 3655 pressas
871 3582 904 3639 V.
928 3586 933 3653 Ι
962 3583 1073 3638 addidit
1091 3582 1135 3636 ed.

173 3663 188 3711 9
208 3658 305 3712 radiat
322 3657 364 3711 ed.
440 3661 471 3709 12
492 3656 581 3725 possit
598 3655 623 3709 V
642 3656 686 3709 ed.
760 3661 795 3709 15
818 3661 911 3725 turpes
931 3653 964 3709 V.
1042 3658 1077 3707 20
1100 3654 1192 3719 impri-

170 3746 247 3783 mum
265 3727 298 3784 V.
377 3732 411 3780 24
424 3726 641 3796 possedermtV
663 3728 808 3798 possideut
826 3726 874 3783 ab
949 3730 992 3779 ‘tu
1013 3724 1067 3775 uto
1089 3736 1154 3771 um.
1167 3717 1223 3765 eu.

220 3826 278 3865 Dora
292 3826 388 3876 interpr.
403 3828 472 3881 Verg.
497 3828 579 3873 voLI.
969 3815 1014 3865 (ὦ
