2734 4159
206 330 273 394 494
488 329 628 385 nonan
646 329 815 386 manaen.
835 330 943 412 vanc.
1054 349 1059 362 ·

208 498 345 559 omnibus
368 501 520 576 proximus
548 518 611 559 esse
639 502 743 578 possit.
790 504 817 560 et
837 502 999 576 faciemque
1021 502 1092 562 deae
1110 504 1227 561 ranna

155 592 272 662 caepae
299 592 425 662 reponit,
447 592 483 661 fit
509 590 605 649 Beroe
632 590 750 649 Tmarii
776 593 904 650 coninua
931 590 1072 665 ancona
1095 590 1227 665 Dorycli,

208 676 275 753 [cni
303 696 397 753 aenas
429 683 456 737 et
490 680 639 753 qnondam
669 696 774 738 nornen
805 682 924 753 natique
955 677 1113 755 fuissentJ:
1144 680 1226 739 fraus

209 769 346 844 quaesita
373 770 419 827 est
446 766 484 826 ad
511 767 689 843 fallendum,
717 769 744 828 si
772 770 851 827 enim
878 770 1005 827 sciretur
1034 787 1112 844 quae
1140 772 1226 843 esset,

208 856 291 916 nulla
314 876 381 916 eam
404 876 440 916 ex
461 856 667 933 praesentibus
695 858 814 916 feminis
838 857 964 915 audiret.
1009 857 1110 933 posita
1131 858 1227 935 igituir
1250 877 1261 919 s

208 948 290 1006 veste
314 964 349 1005 ac
371 944 444 1005 deae
466 964 594 1022 persona
615 946 698 1006 facta
721 948 766 1006 est
788 946 895 1021 Beroe,
924 965 1014 1022 quam
1041 947 1113 1005 illae
1136 966 1225 1006 nove·

207 1037 278 1094 rant
296 1054 387 1111 quam
400 1034 496 1094 nobili
511 1038 588 1095 esset
601 1055 637 1095 ex
655 1055 771 1115 genere,
790 1035 896 1112 quanti
915 1037 993 1094 esset
1010 1037 1120 1109 meriti,
1140 1036 1225 1095 cuius

205 1142 287 1199 uxor,
318 1128 500 1199 quantorum
526 1124 657 1185 filiorum
683 1128 794 1200 mater,
827 1128 957 1200 quantae
981 1126 1149 1200 sapientiae
1172 1144 1226 1201 per

205 1216 349 1288 aetatem,
377 1213 469 1291 digna
497 1214 578 1273 omni
600 1214 689 1275 modo
719 1234 794 1291 quae
819 1213 917 1272 audiri
944 1212 1077 1281 deberet,
1102 1215 1129 1273 si
1153 1214 1225 1289 quid

205 1302 282 1361 forte
310 1301 435 1362 suadere
462 1303 614 1364 voluisset.
665 1323 701 1364 ac
730 1306 772 1363 sic
798 1304 1013 1363 Dardanidum
1038 1303 1169 1362 inediam
1195 1320 1226 1363 se
1239 1324 1262 1364 ro

205 1392 350 1451 metridate
371 1394 477 1467 infert:
498 1395 560 1453 iam
583 1412 674 1469 supra
698 1392 811 1452 dictum
835 1395 880 1451 est
904 1410 995 1468 qnare
1014 1391 1154 1467 mediam,
1176 1392 1226 1451 hic

205 1499 276 1539 vero
299 1479 429 1540 mediam
452 1481 529 1540 dixit
551 1482 639 1557 quasi
657 1482 836 1557 participem
855 1500 970 1557 causae,
993 1481 1050 1540 hoc
1069 1482 1115 1541 est
1133 1500 1226 1540 unam

205 1589 240 1628 ex
262 1570 324 1629 illis
348 1588 477 1646 quarum
499 1571 558 1628 fnit
580 1572 728 1629 tractatus
751 1572 784 1629 in
806 1571 912 1630 medio.
954 1587 970 1629 ο
992 1573 1126 1639 miserae,
1150 1588 1225 1644 onas

203 1676 264 1717 non
285 1676 402 1728 manna
424 1662 529 1732 inquit,
547 1657 679 1718 Achaica
705 1659 776 1717 telio
800 1662 923 1719 traxerit
944 1660 984 1719 ad
1002 1660 1090 1719 ianm
1102 1662 1226 1733 patriae

151 1749 267 1807 aaran
289 1749 452 1816 amenitas,
481 1765 498 1806 o
518 1766 590 1823 pens
612 1749 730 1820 infolio,
762 1751 809 1808 cai
832 1753 857 1809 te
881 1749 965 1809 atra
988 1750 1110 1823 fortene
1133 1765 1263 1811 resen-n

203 1837 274 1896 rat?
295 1840 420 1911 septima
436 1841 507 1911 post
522 1838 627 1896 Troiae
645 1838 791 1897 eradium
808 1840 871 1897 iarn
888 1840 1010 1898 oertitrn
1028 1842 1134 1907 aestua
1157 1855 1225 1898 cnm

203 1927 288 2000 freta,
304 1943 370 1985 cnon
384 1929 477 1985 terras
491 1929 595 1996 mann,
613 1930 653 1985 tot
668 1928 817 1999 inhospita
834 1945 910 1986 sara
923 1928 1077 2001 sideraque
1091 1944 1225 1987 emersae

203 2016 337 2088 ferimur,
360 2015 432 2074 dam
448 2033 507 2089 per
527 2033 774 2091 marencapnanr
796 2016 920 2075 Italiam
942 2018 1091 2090 seqninner
1108 2018 1224 2091 sapien·

203 2107 259 2163 tern
282 2105 476 2163 doctrinar
497 2106 601 2165 main:
632 2109 668 2164 ut
696 2105 900 2181 evaderemus,
932 2106 1045 2181 inquit,
1075 2103 1224 2165 Achaicus

203 2212 318 2267 manus,
336 2195 372 2252 ut
388 2195 529 2253 interitus
547 2197 666 2255 nostros
684 2214 745 2253 non
759 2194 873 2254 videret
888 2194 987 2269 Troia,
1007 2213 1075 2253 cum
1094 2194 1224 2272 caderet,
1239 2216 1265 2257 rc

203 2283 238 2339 nt
261 2281 376 2341 ossibus
398 2284 510 2343 nostris
533 2302 655 2343 occasus
678 2286 795 2360 patriae
819 2303 879 2341 non
897 2284 1009 2342 faceret
1028 2284 1224 2360 sepulturam,

203 2387 264 2428 non
286 2370 341 2428 illa
363 2371 493 2432 felicitas
521 2372 594 2447 fuit3
625 2375 779 2432 aestimari
806 2373 862 2432 hoc
889 2375 969 2431 inter
995 2372 1084 2431 initia
1111 2375 1225 2448 potuit,

204 2461 364 2534 antequam
392 2479 447 2520 nos
474 2463 623 2521 malcrum
654 2464 807 2539 congeries
838 2462 1041 2538 multiplicata
1073 2462 1226 2521 docuisset

203 2546 411 2608 infelicitatem
429 2552 530 2625 potius
550 2550 711 2628 essequod
730 2552 904 2627 superstites
923 2569 1034 2624 sumus,
1054 2549 1134 2625 quod
1153 2555 1224 2627 post

203 2638 357 2696 tantorum
379 2640 537 2699 interitum
560 2642 671 2699 civium
694 2640 798 2717 poenis
821 2642 923 2716 potius
948 2659 1039 2715 quam
1057 2640 1223 2700 commodis
1237 2661 1262 2701 rc

202 2744 396 2787 reservamur.
442 2730 652 2807 intellegamus
682 2730 805 2789 tandem
835 2730 914 2805 quod
946 2731 1027 2787 inter
1055 2729 1145 2787 initia
1176 2732 1222 2787 in·

202 2815 363 2891 prudentes
378 2819 533 2879 omisimus
548 2822 578 2878 et
591 2818 778 2878 infelicitatis
797 2822 917 2878 nostrae
936 2818 1115 2876 miserabilis
1134 2836 1223 2878 casus

203 2905 327 2963 consilio
365 2909 498 2967 cautiore
533 2910 710 2980 tractemus3
747 2908 877 2966 deterior
913 2908 1036 2966 miseras
1068 2907 1222 2982 peioribus

202 2992 324 3053 fortuna
361 2997 516 3073 suppliciis
549 3015 665 3073 semper
697 3015 759 3056 esse
797 2996 939 3055 obnoxias
971 2997 1082 3070 voluit,
1115 2999 1223 3055 contra

202 3083 375 3141 certandum
398 3089 452 3160 est,
475 3086 631 3159 utillum,
654 3089 680 3145 si
704 3105 763 3145 non
786 3086 943 3145 resistendi
967 3086 1149 3160 constantia,
1172 3087 1222 3145 vel
1236 3106 1260 3146 sc

275 3297 289 3343 1
301 3293 447 3359 proximas
461 3309 516 3346 case
526 3298 616 3361 posset
626 3291 678 3344 LR
689 3292 777 3360 possit
790 3308 805 3344 r
818 3308 891 3360 apr.
899 3293 986 3359 poscit
1001 3291 1043 3345 ed.
1100 3296 1115 3343 2
1135 3293 1223 3345 marii

201 3360 261 3415 LR.
317 3365 569 3430 teni-faicoent
587 3363 667 3417 deest
685 3363 715 3415 in
732 3362 792 3430 LR,
812 3363 862 3415 sed
881 3362 1045 3430 explicatur.
1102 3368 1133 3414 11
1154 3366 1223 3430 poet

201 3434 287 3499 insert
309 3449 343 3487 ex
366 3450 442 3503 aequ.
462 3434 556 3489 lemm.
575 3436 687 3489 omicere
709 3451 778 3503 qaae
796 3434 861 3489 add.
881 3433 945 3502 th,
969 3433 1019 3486 sed
1038 3433 1059 3485 L
1084 3435 1223 3500 expunxit

200 3506 262 3574 ipse
280 3521 333 3559 nec
350 3505 458 3561 habent
471 3505 557 3565 HOU
572 3506 615 3560 ed.
671 3510 705 3559 22
724 3507 867 3561 aestimari
879 3504 931 3557 LR
945 3504 1034 3558 -anda
1053 3521 1116 3558 cum
1131 3521 1223 3572 prava

202 3576 384 3631 distinctione
403 3578 445 3632 ed.
477 3579 480 3646 t
510 3579 607 3647 poenit
624 3576 677 3630 LR
696 3576 738 3631 ed.
755 3578 849 3646 potnit
866 3592 924 3629 nos.
1017 3581 1050 3628 25
1074 3577 1223 3632 connnodis

201 3648 254 3702 LR
272 3649 394 3704 incanam.
415 3649 457 3702 ed.
523 3654 556 3702 27
576 3649 720 3703 amisimus
739 3647 770 3701 R.
836 3652 870 3702 30
889 3650 1057 3701 constantiae
1076 3646 1128 3698 LR
1148 3647 1220 3722 ed.)

196 3723 241 3776 rel
257 3738 311 3775 om.
329 3721 371 3776 ed.
