2734 4159
548 317 750 374 'AENEIDOS
769 318 807 372 IV
1131 317 1198 383 361

184 487 306 546 bellum.
342 505 408 547 ecce
431 488 504 547 tulit
526 491 557 546 et
578 486 718 548 vincendi
740 505 832 563 spem,
854 505 891 546 ne
914 486 1024 545 diceret
1043 486 1121 546 Dido
1144 488 1202 547 etsi

184 576 335 635 moverint
353 595 446 651 arma,
463 575 611 653 superabo
629 595 687 637 eos.
720 581 750 635 et
768 576 916 635 Numidae
934 576 1045 635 infreni
1063 578 1201 655 cingunt:

184 684 253 725 cum
281 665 355 724 dicit
380 665 520 740 infrenis,
548 666 679 726 ostendit
706 664 869 724 indomitos
896 669 927 724 et
954 683 1003 725 eos
1032 666 1085 741 qui
1116 665 1201 725 nullo
1242 679 1246 686 ’

183 756 248 814 iure
280 757 453 814 tenerentur·
480 772 515 814 ac
543 756 604 814 suis
630 755 747 833 legibus
770 756 905 814 viverent
927 773 981 813 nec
1006 755 1118 814 vellent
1146 755 1200 813 ali·

154 845 268 906 senius
291 844 417 919 imperio
438 843 601 922 subiugari.
638 847 669 903 et
687 844 840 919 inhospita
859 842 967 918 SyrtiS,
985 862 1044 902 non
1062 862 1121 920 quo
1141 863 1201 903 non

181 933 329 1009 suscipiat
345 932 478 1009 hospites
496 933 552 992 hoc
570 935 617 992 est
638 934 820 1011 peregrinos,
839 934 891 992 sed
917 951 1008 1009 quam
1031 932 1201 992 inhumani-

181 1024 255 1081 tatis
275 1040 365 1080 causa
383 1021 479 1081 omnis
498 1022 639 1081 formidet
658 1022 818 1080 adveniens
838 1023 885 1081 vel
908 1020 1005 1080 oderit
1016 1023 1200 1100 peregrinus.

181 1112 286 1187 posuit
310 1111 342 1168 in
365 1110 463 1170 medio
486 1113 624 1189 cingunt,
651 1110 703 1170 sed
724 1111 822 1170 tribus
846 1110 1056 1184 adplicandum
1077 1115 1137 1185 est,
1165 1114 1202 1169 ut

183 1202 224 1259 sit
243 1198 373 1271 Gaetuli,
386 1199 535 1259 Numidae
555 1203 585 1258 et
604 1199 702 1275 Syrtis
720 1200 852 1278 cingunt.
885 1199 941 1258 hoc
959 1201 1058 1274 ipsum
1077 1200 1201 1278 cingunt

141 1310 168 1350 so
182 1289 274 1348 habet
305 1290 458 1366 ingentem
489 1292 603 1347 metum
633 1290 853 1365 maximamque
885 1287 1088 1348 formidinem:
1130 1308 1201 1348 nam

182 1380 303 1456 cingere
331 1381 377 1436 est
400 1377 527 1453 ambire,
554 1382 590 1437 ut
612 1381 643 1436 et
664 1377 778 1437 infiniti
799 1381 1002 1437 monstrentur
1023 1379 1139 1437 inimici
1161 1382 1202 1453 et,

181 1467 209 1526 si
239 1465 334 1525 fuerit
361 1485 396 1524 ex
423 1469 600 1527 necessitate
628 1467 816 1545 fugiendum,
848 1486 902 1543 per
933 1468 1034 1526 tantos
1067 1485 1102 1525 ac
1128 1467 1200 1527 talis

182 1558 281 1616 exitus
299 1554 428 1614 inveniri
446 1574 507 1615 non
524 1558 628 1632 possit.
664 1556 735 1615 hinc
758 1557 875 1616 deserta
898 1558 950 1616 siti
971 1557 1055 1632 regio
1078 1556 1202 1630 lateque

181 1646 318 1704 furentes
341 1645 478 1704 Barcaei:
511 1644 618 1705 similis
646 1646 738 1705 etiam
765 1647 892 1705 istorum
919 1648 1017 1705 metus
1041 1650 1099 1722 est3
1130 1664 1202 1704 nam

141 1754 167 1795 ra
182 1734 333 1810 quomodo
355 1735 428 1812 fuga
450 1753 504 1810 per
526 1734 656 1794 sitientis
673 1739 769 1794 terras
787 1735 968 1812 perindeque
987 1734 1118 1793 desertas
1136 1734 1203 1794 fieri

181 1825 366 1899 potestant
391 1843 446 1899 per
473 1842 522 1883 eos
550 1823 604 1900 qui
627 1823 670 1883 sio
692 1825 793 1883 furore
815 1825 986 1899 rapiantur,
1013 1827 1048 1882 ut
1070 1825 1202 1883 furorem

182 1912 284 1987 ipsum
310 1911 403 1971 latius
430 1911 577 1972 tendant?
623 1913 698 1989 quid
720 1912 800 1971 bella
823 1913 902 1989 Tyro
926 1914 1081 1990 surgentia
1103 1912 1201 1971 dicam

183 2002 379 2079 germanique
406 1999 524 2060 minas?
570 2002 651 2077 quod
677 2002 785 2061 habuit
811 2003 975 2061 maximum
1003 2003 1134 2061 servavit
1161 2000 1200 2060 ad

153 2161 159 2168 ί
182 2090 282 2149 finem.
319 2090 482 2163 considera,
499 2091 608 2165 inquit,
626 2092 659 2149 in
681 2095 795 2167 quanta
819 2090 1024 2167 desperatione
1043 2093 1084 2149 sis
1102 2090 1203 2166 posita

146 2198 170 2238 ro
183 2180 359 2255 quantaque
381 2181 421 2237 sit
443 2182 513 2237 tuae
536 2181 673 2239 fortunae
698 2180 840 2257 condicio,
861 2180 979 2255 quando
1004 2199 1071 2239 cum
1091 2183 1139 2238 tot
1156 2181 1201 2238 in-

182 2269 366 2327 manissimis
394 2268 533 2345 gentibus
560 2271 684 2327 timetur
700 2274 738 2328 ‚et
761 2270 867 2342 frater3
900 2270 972 2347 quid
995 2271 1130 2329 futurum
1153 2270 1201 2344 sit,

184 2358 210 2416 si
236 2357 290 2415 ille
318 2375 387 2415 cum
414 2359 508 2433 copiis
536 2358 597 2417 suis
623 2359 787 2417 instructus
816 2358 946 2418 adfuerit
972 2376 1087 2418 causae.
1133 2377 1202 2417 con-

184 2445 375 2505 siderandum
397 2450 454 2520 est,
475 2448 595 2523 quando
618 2466 672 2505 nec
694 2447 874 2523 persistendi
895 2449 1024 2509 facultas
1048 2464 1202 2523 superesse

184 2536 317 2611 potuerit
345 2538 399 2594 aut
426 2539 504 2594 certe
532 2536 681 2614 fugiendi3
713 2536 828 2595 tenebit
855 2537 934 2596 euim
960 2536 1202 2596 ille‘subsidium

153 2626 277 2683 amaris
301 2625 332 2682 et
354 2642 540 2701 quacumque
563 2627 729 2703 fugientem
751 2626 847 2684 hostis
870 2627 962 2686 durus
986 2626 1122 2702 excipiet,
1143 2626 1201 2683 ita·

186 2732 243 2788 que
267 2712 319 2771 fiet
341 2714 374 2771 in
397 2713 444 2773 his
466 2717 555 2774 terris
578 2715 658 2790 quod
681 2714 763 2773 domi
787 2715 919 2790 conpleri
937 2735 996 2775 non
1014 2714 1124 2790 potuit.
1163 2714 1202 2773 ad

186 2803 288 2861 omnia
312 2804 462 2862 concurrit
484 2803 562 2862 illud
585 2803 664 2880 quod
688 2805 822 2878 superius
842 2804 918 2863 dixit
935 2805 1037 2864 solane
1055 2806 1202 2880 perpetua

185 2909 320 2950 maerens
348 2909 469 2966 carpere
495 2890 638 2951 iuventa?
685 2894 711 2952 si
739 2894 819 2951 enim
845 2894 1021 2969 perduraret
1047 2896 1203 2952 iuventam

186 2980 250 3039 sola
272 2980 447 3058 transigere,
471 2982 538 3056 quis
561 2984 608 3040 tot
631 3000 665 3040 ae
689 2983 782 3040 tantis
805 2982 958 3042 resisteret
980 2979 1130 3041 inimicis?
1153 2982 1203 3039 vei

141 3074 167 3119 ³⁰
185 3069 252 3144 quis
283 3070 346 3127 iam
378 3073 534 3143 quaereret
566 3073 677 3130 exactis
710 3070 895 3145 temporibus
931 3072 1087 3144 feminam,
1125 3088 1201 3145 quae

185 3159 329 3216 maritum
351 3160 558 3233 procreatione
580 3159 711 3218 filiorum
733 3164 849 3235 patrem
868 3180 929 3219 non
947 3163 1047 3236 posset
1066 3156 1204 3217 efficere?

185 3250 335 3321 postremo
361 3248 554 3325 cogitandum
578 3251 625 3308 cui
649 3251 769 3307 tantum
792 3249 895 3307 florem
917 3248 1036 3324 imperii
1060 3266 1094 3306 ac
1116 3249 1202 3305 tanto

185 3334 288 3395 labore
316 3339 485 3411 quaesitum
513 3342 591 3399 esset
617 3337 781 3411 traditura,
809 3340 835 3397 si
857 3338 1018 3397 liberorum
1040 3338 1202 3412 posteritas

257 3493 273 3539 3
291 3487 412 3554 infrenis
424 3490 477 3543 LR
494 3490 618 3555 infrenos
636 3489 707 3543 red.
764 3495 779 3542 6
798 3507 825 3543 se
844 3508 926 3559 qnam
940 3488 992 3543 LPc
1011 3504 1079 3542 corr.
1094 3506 1108 3541 r
1122 3488 1164 3541 ed.

187 3562 332 3613 fanneam
350 3559 381 3614 L.
416 3562 420 3633 Ι
454 3562 542 3615 oderit
557 3562 716 3631 peregrinos
733 3560 786 3613 LR
804 3578 872 3615 corr.
892 3562 935 3616 ed.
1028 3559 1203 3614 reinvenire

186 3627 238 3682 LR
257 3630 299 3684 ed.
319 3632 358 3685 ·n'
374 3650 396 3685 r.
472 3637 505 3685 18
523 3633 700 3702 pensantque
718 3633 809 3687 ninas
828 3649 882 3687 om.
901 3634 947 3687 ed.
1022 3637 1062 3684 ‘nt
1077 3632 1215 3696 futurum

186 3700 222 3754 n't
240 3700 292 3754 La
311 3702 352 3755 ed.
369 3704 392 3769 f.
412 3711 469 3758 est?
487 3703 521 3758 cf.
543 3708 585 3774 10,
603 3708 663 3759 783.
750 3709 786 3759 32
804 3705 1102 3778 postremo-tionem
1119 3694 1239 3750 m&
