<?xml version="1.0" encoding="UTF-8"?>
<!DOCTYPE html PUBLIC "-//W3C//DTD XHTML 1.0 Transitional//EN"
    "http://www.w3.org/TR/xhtml1/DTD/xhtml1-transitional.dtd">
<html xmlns="http://www.w3.org/1999/xhtml" xml:lang="en" lang="en">
 <head>
  <title>
</title>
<meta http-equiv="Content-Type" content="text/html;charset=utf-8" />
  <meta name='ocr-system' content='tesseract 3.04.00' />
  <meta name='ocr-capabilities' content='ocr_page ocr_carea ocr_par ocr_line ocrx_word'/>
</head>
<body>
  <div class='ocr_page' id='page_1' title='image "./tibericlaudidon02georgoog_0474.png"; bbox 0 0 2734 4159; ppageno 0'>
   <div class='ocr_carea' id='block_1_1' title="bbox 567 332 1199 399">
    <p class='ocr_par' dir='ltr' id='par_1_1' title="bbox 567 332 1199 399">
     <span class='ocr_line' id='line_1_1' title="bbox 567 332 1199 399; baseline 0.002 -13"><span class='ocrx_word' id='word_1_1' title='bbox 567 332 749 388; x_wconf 81' lang='lat' dir='ltr'>AENEIDOS</span> <span class='ocrx_word' id='word_1_2' title='bbox 767 332 806 387; x_wconf 86' lang='lat' dir='ltr'>IV</span> <span class='ocrx_word' id='word_1_3' title='bbox 1133 335 1199 399; x_wconf 83' lang='lat'>413</span> 
     </span>
    </p>
   </div>
   <div class='ocr_carea' id='block_1_2' title="bbox 142 502 1248 3249">
    <p class='ocr_par' dir='ltr' id='par_1_2' title="bbox 142 502 1248 3249">
     <span class='ocr_line' id='line_1_2' title="bbox 184 502 1200 581; baseline 0.002 -21"><span class='ocrx_word' id='word_1_4' title='bbox 184 503 343 577; x_wconf 88' lang='lat' dir='ltr'>perniciem</span> <span class='ocrx_word' id='word_1_5' title='bbox 367 521 451 561; x_wconf 87' lang='lat' dir='ltr'>suam</span> <span class='ocrx_word' id='word_1_6' title='bbox 474 502 636 560; x_wconf 82' lang='lat' dir='ltr'>crudelium</span> <span class='ocrx_word' id='word_1_7' title='bbox 661 502 897 581; x_wconf 61' lang='lat' dir='ltr'>consideratione</span> <span class='ocrx_word' id='word_1_8' title='bbox 921 506 1108 579; x_wconf 87' lang='lat' dir='ltr'>coeptorum,</span> <span class='ocrx_word' id='word_1_9' title='bbox 1135 505 1200 563; x_wconf 83' lang='lat' dir='ltr'>vol·</span> 
     </span>
     <span class='ocr_line' id='line_1_3' title="bbox 183 590 1198 669; baseline 0.005 -22"><span class='ocrx_word' id='word_1_10' title='bbox 183 610 255 648; x_wconf 85' lang='lat' dir='ltr'>vens</span> <span class='ocrx_word' id='word_1_11' title='bbox 279 592 378 650; x_wconf 93' lang='lat' dir='ltr'>oculos</span> <span class='ocrx_word' id='word_1_12' title='bbox 402 592 530 650; x_wconf 87' lang='lat' dir='ltr'>suffusos</span> <span class='ocrx_word' id='word_1_13' title='bbox 553 592 706 669; x_wconf 87' lang='lat' dir='ltr'>sanguine,</span> <span class='ocrx_word' id='word_1_14' title='bbox 725 590 850 650; x_wconf 89' lang='lat' dir='ltr'>maculis</span> <span class='ocrx_word' id='word_1_15' title='bbox 868 611 938 650; x_wconf 82' lang='lat' dir='ltr'>vero</span> <span class='ocrx_word' id='word_1_16' title='bbox 963 592 1089 652; x_wconf 84' lang='lat' dir='ltr'>sordidis</span> <span class='ocrx_word' id='word_1_17' title='bbox 1107 595 1198 669; x_wconf 80' lang='lat' dir='ltr'>genas</span> 
     </span>
     <span class='ocr_line' id='line_1_4' title="bbox 183 680 1198 756; baseline 0.003 -18"><span class='ocrx_word' id='word_1_18' title='bbox 183 680 294 738; x_wconf 86' lang='lat' dir='ltr'>habens</span> <span class='ocrx_word' id='word_1_19' title='bbox 327 680 458 739; x_wconf 82' lang='lat' dir='ltr'>variatas</span> <span class='ocrx_word' id='word_1_20' title='bbox 491 685 521 739; x_wconf 86' lang='lat' dir='ltr'>et</span> <span class='ocrx_word' id='word_1_21' title='bbox 553 684 622 739; x_wconf 91' lang='lat' dir='ltr'>ante</span> <span class='ocrx_word' id='word_1_22' title='bbox 655 681 790 739; x_wconf 89' lang='lat' dir='ltr'>futuram</span> <span class='ocrx_word' id='word_1_23' title='bbox 824 685 950 740; x_wconf 85' lang='lat' dir='ltr'>mortem</span> <span class='ocrx_word' id='word_1_24' title='bbox 982 682 1042 740; x_wconf 90' lang='lat' dir='ltr'>iam</span> <span class='ocrx_word' id='word_1_25' title='bbox 1075 681 1198 756; x_wconf 88' lang='lat' dir='ltr'>pallida.</span> 
     </span>
     <span class='ocr_line' id='line_1_5' title="bbox 183 762 1199 848; baseline 0.004 -22"><span class='ocrx_word' id='word_1_26' title='bbox 183 772 325 827; x_wconf 86' lang='lat' dir='ltr'>interiora</span> <span class='ocrx_word' id='word_1_27' title='bbox 354 772 454 827; x_wconf 90' lang='lat' dir='ltr'>autem</span> <span class='ocrx_word' id='word_1_28' title='bbox 483 770 587 827; x_wconf 88' lang='lat' dir='ltr'>limina</span> <span class='ocrx_word' id='word_1_29' title='bbox 614 770 762 845; x_wconf 76' lang='lat' dir='ltr'>inrumpit</span> <span class='ocrx_word' id='word_1_30' title='bbox 790 762 864 848; x_wconf 78' lang='lat' dir='ltr'>(non</span> <span class='ocrx_word' id='word_1_31' title='bbox 892 770 966 830; x_wconf 92' lang='lat' dir='ltr'>dicit</span> <span class='ocrx_word' id='word_1_32' title='bbox 987 770 1122 847; x_wconf 81' lang='lat' dir='ltr'>ingressa</span> <span class='ocrx_word' id='word_1_33' title='bbox 1146 774 1199 844; x_wconf 91' lang='lat' dir='ltr'>est,</span> 
     </span>
     <span class='ocr_line' id='line_1_6' title="bbox 156 851 1199 939; baseline 0.001 -22"><span class='ocrx_word' id='word_1_34' title='bbox 156 858 235 917; x_wconf 68' lang='lat' dir='ltr'>ised</span> <span class='ocrx_word' id='word_1_35' title='bbox 258 860 381 933; x_wconf 77' lang='lat' dir='ltr'>inrupit,</span> <span class='ocrx_word' id='word_1_36' title='bbox 404 862 438 916; x_wconf 90' lang='lat' dir='ltr'>ut</span> <span class='ocrx_word' id='word_1_37' title='bbox 461 859 631 917; x_wconf 80' lang='lat' dir='ltr'>ostenderet</span> <span class='ocrx_word' id='word_1_38' title='bbox 652 851 824 939; x_wconf 82' lang='lat' dir='ltr'>furentem),</span> <span class='ocrx_word' id='word_1_39' title='bbox 849 860 990 933; x_wconf 89' lang='lat' dir='ltr'>quoniam</span> <span class='ocrx_word' id='word_1_40' title='bbox 1013 859 1199 935; x_wconf 90' lang='lat' dir='ltr'>supradixit</span> 
     </span>
     <span class='ocr_line' id='line_1_7' title="bbox 184 939 1197 1027; baseline 0.003 -23"><span class='ocrx_word' id='word_1_41' title='bbox 184 939 278 1027; x_wconf 73' lang='lat'>(494)</span> <span class='ocrx_word' id='word_1_42' title='bbox 302 951 353 1021; x_wconf 90' lang='lat' dir='ltr'>„tu</span> <span class='ocrx_word' id='word_1_43' title='bbox 378 950 490 1005; x_wconf 91' lang='lat' dir='ltr'>secreta</span> <span class='ocrx_word' id='word_1_44' title='bbox 512 967 620 1023; x_wconf 75' lang='lat' dir='ltr'>pyram</span> <span class='ocrx_word' id='word_1_45' title='bbox 642 951 721 1006; x_wconf 91' lang='lat' dir='ltr'>tecto</span> <span class='ocrx_word' id='word_1_46' title='bbox 745 949 887 1008; x_wconf 88' lang='lat' dir='ltr'>interiore</span> <span class='ocrx_word' id='word_1_47' title='bbox 908 949 963 1007; x_wconf 92' lang='lat' dir='ltr'>sub</span> <span class='ocrx_word' id='word_1_48' title='bbox 983 967 1070 1008; x_wconf 87' lang='lat' dir='ltr'>auras</span> <span class='ocrx_word' id='word_1_49' title='bbox 1091 948 1197 1025; x_wconf 84' lang='lat' dir='ltr'>erige“.</span> 
     </span>
     <span class='ocr_line' id='line_1_8' title="bbox 183 1036 1198 1112; baseline 0.002 -18"><span class='ocrx_word' id='word_1_50' title='bbox 183 1056 252 1112; x_wconf 84' lang='lat' dir='ltr'>ergo</span> <span class='ocrx_word' id='word_1_51' title='bbox 281 1038 387 1095; x_wconf 91' lang='lat' dir='ltr'>merito</span> <span class='ocrx_word' id='word_1_52' title='bbox 416 1036 458 1094; x_wconf 84' lang='lat' dir='ltr'>ait</span> <span class='ocrx_word' id='word_1_53' title='bbox 486 1038 629 1095; x_wconf 87' lang='lat' dir='ltr'>interiora</span> <span class='ocrx_word' id='word_1_54' title='bbox 653 1036 757 1095; x_wconf 91' lang='lat' dir='ltr'>domus</span> <span class='ocrx_word' id='word_1_55' title='bbox 781 1037 926 1112; x_wconf 90' lang='lat' dir='ltr'>inrumpit</span> <span class='ocrx_word' id='word_1_56' title='bbox 948 1037 1054 1095; x_wconf 89' lang='lat' dir='ltr'>limina</span> <span class='ocrx_word' id='word_1_57' title='bbox 1077 1041 1106 1096; x_wconf 92' lang='lat' dir='ltr'>et</span> <span class='ocrx_word' id='word_1_58' title='bbox 1130 1056 1198 1096; x_wconf 90' lang='lat' dir='ltr'>con·</span> 
     </span>
     <span class='ocr_line' id='line_1_9' title="bbox 184 1125 1198 1205; baseline 0.003 -23"><span class='ocrx_word' id='word_1_59' title='bbox 184 1129 329 1183; x_wconf 88' lang='lat' dir='ltr'>structam</span> <span class='ocrx_word' id='word_1_60' title='bbox 343 1126 434 1183; x_wconf 88' lang='lat' dir='ltr'>altius</span> <span class='ocrx_word' id='word_1_61' title='bbox 449 1144 555 1201; x_wconf 79' lang='lat' dir='ltr'>pyram</span> <span class='ocrx_word' id='word_1_62' title='bbox 571 1125 733 1184; x_wconf 87' lang='lat' dir='ltr'>furibunda</span> <span class='ocrx_word' id='word_1_63' title='bbox 747 1126 925 1186; x_wconf 73' lang='lat' dir='ltr'>conscendit.</span> <span class='ocrx_word' id='word_1_64' title='bbox 950 1126 1075 1185; x_wconf 83' lang='lat' dir='ltr'>exclusit</span> <span class='ocrx_word' id='word_1_65' title='bbox 1087 1128 1198 1205; x_wconf 80' lang='lat' dir='ltr'>vagina</span> 
     </span>
     <span class='ocr_line' id='line_1_10' title="bbox 183 1214 1198 1292; baseline 0.006 -22"><span class='ocrx_word' id='word_1_66' title='bbox 183 1214 331 1291; x_wconf 81' lang='lat' dir='ltr'>gladium,</span> <span class='ocrx_word' id='word_1_67' title='bbox 361 1233 448 1289; x_wconf 91' lang='lat' dir='ltr'>quem</span> <span class='ocrx_word' id='word_1_68' title='bbox 471 1214 581 1273; x_wconf 84' lang='lat' dir='ltr'>oblivio</span> <span class='ocrx_word' id='word_1_69' title='bbox 604 1217 793 1290; x_wconf 89' lang='lat' dir='ltr'>properantis</span> <span class='ocrx_word' id='word_1_70' title='bbox 816 1215 982 1292; x_wconf 88' lang='lat' dir='ltr'>reliquerat</span> <span class='ocrx_word' id='word_1_71' title='bbox 1004 1234 1063 1273; x_wconf 93' lang='lat' dir='ltr'>non</span> <span class='ocrx_word' id='word_1_72' title='bbox 1087 1215 1126 1273; x_wconf 94' lang='lat' dir='ltr'>ad</span> <span class='ocrx_word' id='word_1_73' title='bbox 1149 1236 1198 1276; x_wconf 92' lang='lat' dir='ltr'>eos</span> 
     </span>
     <span class='ocr_line' id='line_1_11' title="bbox 143 1303 1199 1379; baseline -0.001 -14"><span class='ocrx_word' id='word_1_74' title='bbox 143 1328 168 1366; x_wconf 89' lang='grc'>10</span> <span class='ocrx_word' id='word_1_75' title='bbox 183 1322 253 1361; x_wconf 90' lang='lat' dir='ltr'>usus</span> <span class='ocrx_word' id='word_1_76' title='bbox 278 1323 351 1379; x_wconf 90' lang='lat' dir='ltr'>quos</span> <span class='ocrx_word' id='word_1_77' title='bbox 373 1304 456 1361; x_wconf 79' lang='lat' dir='ltr'>furor</span> <span class='ocrx_word' id='word_1_78' title='bbox 479 1303 608 1361; x_wconf 88' lang='lat' dir='ltr'>amantis</span> <span class='ocrx_word' id='word_1_79' title='bbox 631 1304 811 1364; x_wconf 83' lang='lat' dir='ltr'>inveniebat.</span> <span class='ocrx_word' id='word_1_80' title='bbox 856 1303 930 1363; x_wconf 88' lang='lat' dir='ltr'>bene</span> <span class='ocrx_word' id='word_1_81' title='bbox 954 1307 1054 1363; x_wconf 89' lang='lat' dir='ltr'>autem</span> <span class='ocrx_word' id='word_1_82' title='bbox 1083 1304 1199 1364; x_wconf 83' lang='lat' dir='ltr'>addidit</span> 
     </span>
     <span class='ocr_line' id='line_1_12' title="bbox 183 1392 1199 1470; baseline 0.003 -20"><span class='ocrx_word' id='word_1_83' title='bbox 183 1396 273 1467; x_wconf 90' lang='lat' dir='ltr'>poeta</span> <span class='ocrx_word' id='word_1_84' title='bbox 296 1392 456 1451; x_wconf 92' lang='lat' dir='ltr'>furibunda</span> <span class='ocrx_word' id='word_1_85' title='bbox 479 1392 650 1451; x_wconf 87' lang='lat' dir='ltr'>conscendit</span> <span class='ocrx_word' id='word_1_86' title='bbox 673 1393 865 1452; x_wconf 85' lang='lat' dir='ltr'>altitudinem</span> <span class='ocrx_word' id='word_1_87' title='bbox 883 1396 959 1470; x_wconf 84' lang='lat' dir='ltr'>rogi,</span> <span class='ocrx_word' id='word_1_88' title='bbox 977 1396 1012 1453; x_wconf 91' lang='lat' dir='ltr'>nt</span> <span class='ocrx_word' id='word_1_89' title='bbox 1031 1393 1199 1453; x_wconf 87' lang='lat' dir='ltr'>ostenderet</span> 
     </span>
     <span class='ocr_line' id='line_1_13' title="bbox 183 1482 1198 1559; baseline 0.003 -20"><span class='ocrx_word' id='word_1_90' title='bbox 183 1482 298 1540; x_wconf 89' lang='lat' dir='ltr'>nullum</span> <span class='ocrx_word' id='word_1_91' title='bbox 318 1482 353 1540; x_wconf 88' lang='lat' dir='ltr'>de</span> <span class='ocrx_word' id='word_1_92' title='bbox 372 1501 441 1540; x_wconf 90' lang='lat' dir='ltr'>nece</span> <span class='ocrx_word' id='word_1_93' title='bbox 460 1500 515 1540; x_wconf 89' lang='lat' dir='ltr'>sua</span> <span class='ocrx_word' id='word_1_94' title='bbox 533 1500 619 1557; x_wconf 90' lang='lat' dir='ltr'>posse</span> <span class='ocrx_word' id='word_1_95' title='bbox 634 1484 765 1559; x_wconf 82' lang='lat' dir='ltr'>cogitare</span> <span class='ocrx_word' id='word_1_96' title='bbox 780 1484 839 1540; x_wconf 92' lang='lat' dir='ltr'>nisi</span> <span class='ocrx_word' id='word_1_97' title='bbox 853 1502 941 1557; x_wconf 91' lang='lat' dir='ltr'>quem</span> <span class='ocrx_word' id='word_1_98' title='bbox 954 1484 1051 1558; x_wconf 91' lang='lat' dir='ltr'>primo</span> <span class='ocrx_word' id='word_1_99' title='bbox 1066 1486 1198 1542; x_wconf 87' lang='lat' dir='ltr'>amentia</span> 
     </span>
     <span class='ocr_line' id='line_1_14' title="bbox 183 1571 1199 1646; baseline 0.004 -19"><span class='ocrx_word' id='word_1_100' title='bbox 183 1571 291 1629; x_wconf 86' lang='lat' dir='ltr'>furoris</span> <span class='ocrx_word' id='word_1_101' title='bbox 320 1572 506 1646; x_wconf 89' lang='lat' dir='ltr'>oppresserit.</span> <span class='ocrx_word' id='word_1_102' title='bbox 552 1572 599 1629; x_wconf 81' lang='lat' dir='ltr'>bic</span> <span class='ocrx_word' id='word_1_103' title='bbox 615 1576 773 1644; x_wconf 76' lang='lat' dir='ltr'>postquam</span> <span class='ocrx_word' id='word_1_104' title='bbox 795 1572 909 1630; x_wconf 86' lang='lat' dir='ltr'>Iliacas</span> <span class='ocrx_word' id='word_1_105' title='bbox 931 1577 1022 1631; x_wconf 81' lang='lat' dir='ltr'>uestes</span> <span class='ocrx_word' id='word_1_106' title='bbox 1043 1578 1199 1646; x_wconf 71' lang='lat' dir='ltr'>miramque</span> 
     </span>
     <span class='ocr_line' id='line_1_15' title="bbox 183 1651 1248 1735; baseline -0.005 -16"><span class='ocrx_word' id='word_1_107' title='bbox 183 1661 275 1719; x_wconf 70' lang='lat' dir='ltr'>cortile</span> <span class='ocrx_word' id='word_1_108' title='bbox 294 1664 447 1734; x_wconf 77' lang='lat' dir='ltr'>conspexit,</span> <span class='ocrx_word' id='word_1_109' title='bbox 456 1661 585 1734; x_wconf 78' lang='lat' dir='ltr'>paulam</span> <span class='ocrx_word' id='word_1_110' title='bbox 604 1651 734 1719; x_wconf 76' lang='lat' dir='ltr'>lacrimis</span> <span class='ocrx_word' id='word_1_111' title='bbox 752 1664 778 1719; x_wconf 85' lang='lat' dir='ltr'>ei</span> <span class='ocrx_word' id='word_1_112' title='bbox 795 1664 887 1719; x_wconf 79' lang='lat' dir='ltr'>meato</span> <span class='ocrx_word' id='word_1_113' title='bbox 900 1666 1014 1720; x_wconf 80' lang='lat' dir='ltr'>morata</span> <span class='ocrx_word' id='word_1_114' title='bbox 1027 1657 1188 1735; x_wconf 71' lang='lat' dir='ltr'>[incubuit</span> <span class='ocrx_word' id='word_1_115' title='bbox 1199 1667 1248 1715; x_wconf 75' lang='lat'>660</span> 
     </span>
     <span class='ocr_line' id='line_1_16' title="bbox 143 1747 1198 1826; baseline 0.004 -21"><span class='ocrx_word' id='word_1_116' title='bbox 143 1773 168 1812; x_wconf 78' lang='lat'>15</span> <span class='ocrx_word' id='word_1_117' title='bbox 184 1767 237 1821; x_wconf 77' lang='lat' dir='ltr'>quc</span> <span class='ocrx_word' id='word_1_118' title='bbox 256 1754 316 1807; x_wconf 76' lang='lat' dir='ltr'>icio</span> <span class='ocrx_word' id='word_1_119' title='bbox 335 1751 463 1822; x_wconf 78' lang='lat' dir='ltr'>dixitque</span> <span class='ocrx_word' id='word_1_120' title='bbox 480 1750 639 1807; x_wconf 65' lang='lat' dir='ltr'>acomsima</span> <span class='ocrx_word' id='word_1_121' title='bbox 658 1747 778 1824; x_wconf 77' lang='lat' dir='ltr'>cerbaJ:</span> <span class='ocrx_word' id='word_1_122' title='bbox 805 1749 923 1824; x_wconf 90' lang='lat' dir='ltr'>quando</span> <span class='ocrx_word' id='word_1_123' title='bbox 947 1750 986 1808; x_wconf 92' lang='lat' dir='ltr'>ad</span> <span class='ocrx_word' id='word_1_124' title='bbox 1007 1750 1104 1826; x_wconf 88' lang='lat' dir='ltr'>ipsam</span> <span class='ocrx_word' id='word_1_125' title='bbox 1128 1770 1198 1809; x_wconf 90' lang='lat' dir='ltr'>ven·</span> 
     </span>
     <span class='ocr_line' id='line_1_17' title="bbox 183 1838 1197 1914; baseline 0.002 -18"><span class='ocrx_word' id='word_1_126' title='bbox 183 1842 248 1896; x_wconf 92' lang='lat' dir='ltr'>tum</span> <span class='ocrx_word' id='word_1_127' title='bbox 281 1842 327 1897; x_wconf 88' lang='lat' dir='ltr'>est</span> <span class='ocrx_word' id='word_1_128' title='bbox 358 1858 463 1914; x_wconf 79' lang='lat' dir='ltr'>pyram</span> <span class='ocrx_word' id='word_1_129' title='bbox 497 1841 526 1896; x_wconf 92' lang='lat' dir='ltr'>et</span> <span class='ocrx_word' id='word_1_130' title='bbox 557 1838 635 1896; x_wconf 81' lang='lat' dir='ltr'>vidit</span> <span class='ocrx_word' id='word_1_131' title='bbox 661 1840 759 1896; x_wconf 83' lang='lat' dir='ltr'>vestes</span> <span class='ocrx_word' id='word_1_132' title='bbox 788 1838 896 1897; x_wconf 88' lang='lat' dir='ltr'>Iliacas</span> <span class='ocrx_word' id='word_1_133' title='bbox 925 1841 954 1897; x_wconf 88' lang='lat' dir='ltr'>et</span> <span class='ocrx_word' id='word_1_134' title='bbox 982 1838 1091 1913; x_wconf 87' lang='lat' dir='ltr'>cubile,</span> <span class='ocrx_word' id='word_1_135' title='bbox 1120 1840 1197 1899; x_wconf 91' lang='lat' dir='ltr'>unde</span> 
     </span>
     <span class='ocr_line' id='line_1_18' title="bbox 183 1927 1197 2005; baseline 0.003 -21"><span class='ocrx_word' id='word_1_136' title='bbox 183 1929 296 1985; x_wconf 84' lang='lat' dir='ltr'>malum</span> <span class='ocrx_word' id='word_1_137' title='bbox 328 1947 413 1985; x_wconf 90' lang='lat' dir='ltr'>omne</span> <span class='ocrx_word' id='word_1_138' title='bbox 446 1930 647 2000; x_wconf 86' lang='lat' dir='ltr'>contraxerat,</span> <span class='ocrx_word' id='word_1_139' title='bbox 678 1928 773 1985; x_wconf 89' lang='lat' dir='ltr'>ictum</span> <span class='ocrx_word' id='word_1_140' title='bbox 805 1927 961 2002; x_wconf 89' lang='lat' dir='ltr'>paululum</span> <span class='ocrx_word' id='word_1_141' title='bbox 994 1928 1111 1987; x_wconf 89' lang='lat' dir='ltr'>distulit</span> <span class='ocrx_word' id='word_1_142' title='bbox 1139 1948 1197 2005; x_wconf 91' lang='lat' dir='ltr'>quo</span> 
     </span>
     <span class='ocr_line' id='line_1_19' title="bbox 183 2016 1197 2091; baseline 0.003 -18"><span class='ocrx_word' id='word_1_143' title='bbox 183 2017 282 2073; x_wconf 87' lang='lat' dir='ltr'>fuerat</span> <span class='ocrx_word' id='word_1_144' title='bbox 304 2018 451 2091; x_wconf 89' lang='lat' dir='ltr'>peritura:</span> <span class='ocrx_word' id='word_1_145' title='bbox 474 2016 611 2075; x_wconf 89' lang='lat' dir='ltr'>incubuit</span> <span class='ocrx_word' id='word_1_146' title='bbox 634 2034 723 2091; x_wconf 90' lang='lat' dir='ltr'>super</span> <span class='ocrx_word' id='word_1_147' title='bbox 740 2019 840 2075; x_wconf 89' lang='lat' dir='ltr'>torum</span> <span class='ocrx_word' id='word_1_148' title='bbox 859 2016 1027 2087; x_wconf 69' lang='lat' dir='ltr'>lacrimans</span> <span class='ocrx_word' id='word_1_149' title='bbox 1047 2022 1081 2076; x_wconf 92' lang='lat' dir='ltr'>ut</span> <span class='ocrx_word' id='word_1_150' title='bbox 1099 2019 1197 2076; x_wconf 80' lang='lat' dir='ltr'>noris-</span> 
     </span>
     <span class='ocr_line' id='line_1_20' title="bbox 183 2105 1197 2183; baseline 0.002 -20"><span class='ocrx_word' id='word_1_151' title='bbox 183 2105 259 2163; x_wconf 86' lang='lat' dir='ltr'>sima</span> <span class='ocrx_word' id='word_1_152' title='bbox 283 2109 351 2164; x_wconf 91' lang='lat' dir='ltr'>ante</span> <span class='ocrx_word' id='word_1_153' title='bbox 374 2107 550 2183; x_wconf 84' lang='lat' dir='ltr'>sangninem</span> <span class='ocrx_word' id='word_1_154' title='bbox 574 2105 711 2164; x_wconf 84' lang='lat' dir='ltr'>funderet</span> <span class='ocrx_word' id='word_1_155' title='bbox 734 2105 836 2180; x_wconf 81' lang='lat' dir='ltr'>verba,</span> <span class='ocrx_word' id='word_1_156' title='bbox 866 2105 973 2181; x_wconf 90' lang='lat' dir='ltr'>quibus</span> <span class='ocrx_word' id='word_1_157' title='bbox 1001 2107 1101 2164; x_wconf 87' lang='lat' dir='ltr'>omnia</span> <span class='ocrx_word' id='word_1_158' title='bbox 1130 2124 1197 2165; x_wconf 90' lang='lat' dir='ltr'>con-</span> 
     </span>
     <span class='ocr_line' id='line_1_21' title="bbox 142 2193 1198 2270; baseline -0.001 -15"><span class='ocrx_word' id='word_1_159' title='bbox 142 2217 169 2255; x_wconf 83' lang='grc'>10</span> <span class='ocrx_word' id='word_1_160' title='bbox 184 2195 331 2253; x_wconf 89' lang='lat' dir='ltr'>solaretur</span> <span class='ocrx_word' id='word_1_161' title='bbox 359 2213 433 2269; x_wconf 91' lang='lat' dir='ltr'>quae</span> <span class='ocrx_word' id='word_1_162' title='bbox 463 2214 561 2253; x_wconf 91' lang='lat' dir='ltr'>secum</span> <span class='ocrx_word' id='word_1_163' title='bbox 588 2196 723 2270; x_wconf 87' lang='lat' dir='ltr'>peritura</span> <span class='ocrx_word' id='word_1_164' title='bbox 751 2194 898 2253; x_wconf 87' lang='lat' dir='ltr'>cernebat.</span> <span class='ocrx_word' id='word_1_165' title='bbox 944 2193 1040 2253; x_wconf 84' lang='lat' dir='ltr'>dulces</span> <span class='ocrx_word' id='word_1_166' title='bbox 1064 2198 1198 2255; x_wconf 79' lang='lat' dir='ltr'>acaciae:</span> 
     </span>
     <span class='ocr_line' id='line_1_22' title="bbox 183 2282 1198 2361; baseline 0.003 -21"><span class='ocrx_word' id='word_1_167' title='bbox 183 2283 231 2341; x_wconf 92' lang='lat' dir='ltr'>hic</span> <span class='ocrx_word' id='word_1_168' title='bbox 255 2282 459 2359; x_wconf 87' lang='lat' dir='ltr'>suspendenda</span> <span class='ocrx_word' id='word_1_169' title='bbox 482 2285 688 2359; x_wconf 90' lang='lat' dir='ltr'>pronuntiatio</span> <span class='ocrx_word' id='word_1_170' title='bbox 708 2286 824 2342; x_wconf 91' lang='lat' dir='ltr'>estnec</span> <span class='ocrx_word' id='word_1_171' title='bbox 843 2283 1026 2361; x_wconf 83' lang='lat' dir='ltr'>iungendum</span> <span class='ocrx_word' id='word_1_172' title='bbox 1044 2285 1114 2342; x_wconf 80' lang='lat' dir='ltr'>dara</span> <span class='ocrx_word' id='word_1_173' title='bbox 1132 2285 1198 2356; x_wconf 76' lang='lat' dir='ltr'>saia</span> 
     </span>
     <span class='ocr_line' id='line_1_23' title="bbox 183 2374 1197 2448; baseline 0.002 -19"><span class='ocrx_word' id='word_1_174' title='bbox 183 2374 308 2445; x_wconf 82' lang='lat' dir='ltr'>deasque</span> <span class='ocrx_word' id='word_1_175' title='bbox 335 2374 479 2440; x_wconf 69' lang='lat' dir='ltr'>mactant,</span> <span class='ocrx_word' id='word_1_176' title='bbox 508 2393 544 2431; x_wconf 92' lang='lat' dir='ltr'>ne</span> <span class='ocrx_word' id='word_1_177' title='bbox 573 2391 743 2448; x_wconf 88' lang='lat' dir='ltr'>expressum</span> <span class='ocrx_word' id='word_1_178' title='bbox 770 2375 843 2430; x_wconf 91' lang='lat' dir='ltr'>mire</span> <span class='ocrx_word' id='word_1_179' title='bbox 871 2374 1033 2431; x_wconf 89' lang='lat' dir='ltr'>moriturae</span> <span class='ocrx_word' id='word_1_180' title='bbox 1058 2392 1197 2431; x_wconf 85' lang='lat' dir='ltr'>vexemus</span> 
     </span>
     <span class='ocr_line' id='line_1_24' title="bbox 184 2461 1197 2537; baseline 0.002 -19"><span class='ocrx_word' id='word_1_181' title='bbox 184 2462 345 2534; x_wconf 87' lang='lat' dir='ltr'>adfectum,</span> <span class='ocrx_word' id='word_1_182' title='bbox 373 2464 408 2520; x_wconf 91' lang='lat' dir='ltr'>ut</span> <span class='ocrx_word' id='word_1_183' title='bbox 430 2464 552 2537; x_wconf 84' lang='lat' dir='ltr'>putetur</span> <span class='ocrx_word' id='word_1_184' title='bbox 573 2462 643 2520; x_wconf 92' lang='lat' dir='ltr'>illas</span> <span class='ocrx_word' id='word_1_185' title='bbox 666 2464 762 2521; x_wconf 85' lang='lat' dir='ltr'>vestes</span> <span class='ocrx_word' id='word_1_186' title='bbox 786 2481 886 2520; x_wconf 88' lang='lat' dir='ltr'>amare</span> <span class='ocrx_word' id='word_1_187' title='bbox 912 2461 1035 2535; x_wconf 91' lang='lat' dir='ltr'>desisse,</span> <span class='ocrx_word' id='word_1_188' title='bbox 1063 2480 1137 2537; x_wconf 88' lang='lat' dir='ltr'>quas</span> <span class='ocrx_word' id='word_1_189' title='bbox 1165 2464 1197 2520; x_wconf 89' lang='lat' dir='ltr'>in</span> 
     </span>
     <span class='ocr_line' id='line_1_25' title="bbox 182 2550 1197 2628; baseline 0 -19"><span class='ocrx_word' id='word_1_190' title='bbox 182 2554 300 2609; x_wconf 89' lang='lat' dir='ltr'>tautum</span> <span class='ocrx_word' id='word_1_191' title='bbox 329 2551 486 2628; x_wconf 82' lang='lat' dir='ltr'>diligebat,</span> <span class='ocrx_word' id='word_1_192' title='bbox 514 2554 549 2610; x_wconf 91' lang='lat' dir='ltr'>ut</span> <span class='ocrx_word' id='word_1_193' title='bbox 574 2569 678 2610; x_wconf 89' lang='lat' dir='ltr'>earum</span> <span class='ocrx_word' id='word_1_194' title='bbox 700 2551 821 2609; x_wconf 88' lang='lat' dir='ltr'>favillas</span> <span class='ocrx_word' id='word_1_195' title='bbox 844 2553 905 2609; x_wconf 90' lang='lat' dir='ltr'>suis</span> <span class='ocrx_word' id='word_1_196' title='bbox 929 2550 1058 2609; x_wconf 87' lang='lat' dir='ltr'>voluerit</span> <span class='ocrx_word' id='word_1_197' title='bbox 1079 2552 1197 2609; x_wconf 88' lang='lat' dir='ltr'>misceri</span> 
     </span>
     <span class='ocr_line' id='line_1_26' title="bbox 143 2639 1197 2716; baseline -0.003 -16"><span class='ocrx_word' id='word_1_198' title='bbox 143 2661 169 2700; x_wconf 82' lang='lat'>25</span> <span class='ocrx_word' id='word_1_199' title='bbox 184 2640 339 2698; x_wconf 78' lang='lat' dir='ltr'>cineribus,</span> <span class='ocrx_word' id='word_1_200' title='bbox 377 2643 459 2697; x_wconf 90' lang='lat' dir='ltr'>amat</span> <span class='ocrx_word' id='word_1_201' title='bbox 481 2640 578 2716; x_wconf 81' lang='lat' dir='ltr'>igitur</span> <span class='ocrx_word' id='word_1_202' title='bbox 599 2641 653 2698; x_wconf 88' lang='lat' dir='ltr'>has</span> <span class='ocrx_word' id='word_1_203' title='bbox 677 2640 834 2699; x_wconf 88' lang='lat' dir='ltr'>ostendens</span> <span class='ocrx_word' id='word_1_204' title='bbox 859 2639 937 2715; x_wconf 90' lang='lat' dir='ltr'>quod</span> <span class='ocrx_word' id='word_1_205' title='bbox 960 2640 1029 2698; x_wconf 90' lang='lat' dir='ltr'>illas</span> <span class='ocrx_word' id='word_1_206' title='bbox 1048 2659 1107 2699; x_wconf 93' lang='lat' dir='ltr'>non</span> <span class='ocrx_word' id='word_1_207' title='bbox 1127 2640 1197 2715; x_wconf 90' lang='lat' dir='ltr'>odii,</span> 
     </span>
     <span class='ocr_line' id='line_1_27' title="bbox 183 2728 1197 2808; baseline 0.003 -22"><span class='ocrx_word' id='word_1_208' title='bbox 183 2730 234 2786; x_wconf 94' lang='lat' dir='ltr'>sed</span> <span class='ocrx_word' id='word_1_209' title='bbox 258 2730 367 2788; x_wconf 90' lang='lat' dir='ltr'>amoris</span> <span class='ocrx_word' id='word_1_210' title='bbox 391 2747 480 2787; x_wconf 90' lang='lat' dir='ltr'>causa</span> <span class='ocrx_word' id='word_1_211' title='bbox 505 2748 602 2787; x_wconf 88' lang='lat' dir='ltr'>secum</span> <span class='ocrx_word' id='word_1_212' title='bbox 622 2728 767 2787; x_wconf 89' lang='lat' dir='ltr'>decresset</span> <span class='ocrx_word' id='word_1_213' title='bbox 785 2729 912 2789; x_wconf 88' lang='lat' dir='ltr'>incendi.</span> <span class='ocrx_word' id='word_1_214' title='bbox 948 2729 1025 2787; x_wconf 86' lang='lat' dir='ltr'>hanc</span> <span class='ocrx_word' id='word_1_215' title='bbox 1044 2747 1114 2808; x_wconf 87' lang='lat' dir='ltr'>ergo</span> <span class='ocrx_word' id='word_1_216' title='bbox 1134 2748 1197 2789; x_wconf 85' lang='lat' dir='ltr'>esse</span> 
     </span>
     <span class='ocr_line' id='line_1_28' title="bbox 183 2818 1196 2893; baseline 0 -18"><span class='ocrx_word' id='word_1_217' title='bbox 183 2820 336 2876; x_wconf 90' lang='lat' dir='ltr'>meliorem</span> <span class='ocrx_word' id='word_1_218' title='bbox 368 2818 643 2892; x_wconf 88' lang='lat' dir='ltr'>pronuntiationem</span> <span class='ocrx_word' id='word_1_219' title='bbox 671 2820 701 2876; x_wconf 86' lang='lat' dir='ltr'>et</span> <span class='ocrx_word' id='word_1_220' title='bbox 727 2818 806 2876; x_wconf 90' lang='lat' dir='ltr'>hunc</span> <span class='ocrx_word' id='word_1_221' title='bbox 837 2818 1079 2893; x_wconf 86' lang='lat' dir='ltr'>praeponendum</span> <span class='ocrx_word' id='word_1_222' title='bbox 1110 2819 1196 2877; x_wconf 85' lang='lat' dir='ltr'>intel-</span> 
     </span>
     <span class='ocr_line' id='line_1_29' title="bbox 183 2906 1197 2982; baseline 0.003 -19"><span class='ocrx_word' id='word_1_223' title='bbox 183 2908 292 2967; x_wconf 89' lang='lat' dir='ltr'>lectum</span> <span class='ocrx_word' id='word_1_224' title='bbox 324 2909 395 2965; x_wconf 88' lang='lat' dir='ltr'>tunc</span> <span class='ocrx_word' id='word_1_225' title='bbox 429 2906 597 2982; x_wconf 90' lang='lat' dir='ltr'>apparebit,</span> <span class='ocrx_word' id='word_1_226' title='bbox 625 2926 693 2965; x_wconf 91' lang='lat' dir='ltr'>cum</span> <span class='ocrx_word' id='word_1_227' title='bbox 720 2926 821 2966; x_wconf 89' lang='lat' dir='ltr'>sensus</span> <span class='ocrx_word' id='word_1_228' title='bbox 849 2908 940 2965; x_wconf 88' lang='lat' dir='ltr'>fuerit</span> <span class='ocrx_word' id='word_1_229' title='bbox 967 2906 1135 2980; x_wconf 90' lang='lat' dir='ltr'>ordinatus,</span> <span class='ocrx_word' id='word_1_230' title='bbox 1162 2911 1197 2966; x_wconf 88' lang='lat' dir='ltr'>ut</span> 
     </span>
     <span class='ocr_line' id='line_1_30' title="bbox 184 2994 1197 3073; baseline 0.001 -19"><span class='ocrx_word' id='word_1_231' title='bbox 184 2996 372 3055; x_wconf 91' lang='lat' dir='ltr'>excludamus</span> <span class='ocrx_word' id='word_1_232' title='bbox 406 3014 455 3053; x_wconf 91' lang='lat' dir='ltr'>eos</span> <span class='ocrx_word' id='word_1_233' title='bbox 489 2998 543 3071; x_wconf 92' lang='lat' dir='ltr'>qui</span> <span class='ocrx_word' id='word_1_234' title='bbox 573 2995 756 3073; x_wconf 86' lang='lat' dir='ltr'>iungendum</span> <span class='ocrx_word' id='word_1_235' title='bbox 792 2999 901 3071; x_wconf 90' lang='lat' dir='ltr'>putant</span> <span class='ocrx_word' id='word_1_236' title='bbox 937 2994 1037 3054; x_wconf 88' lang='lat' dir='ltr'>dulces</span> <span class='ocrx_word' id='word_1_237' title='bbox 1074 2998 1197 3055; x_wconf 82' lang='lat' dir='ltr'>exuviae</span> 
     </span>
     <span class='ocr_line' id='line_1_31' title="bbox 142 3083 1196 3159; baseline -0.003 -12"><span class='ocrx_word' id='word_1_238' title='bbox 142 3108 168 3147; x_wconf 81' lang='lat' dir='ltr'>so</span> <span class='ocrx_word' id='word_1_239' title='bbox 183 3086 253 3143; x_wconf 88' lang='lat' dir='ltr'>dum</span> <span class='ocrx_word' id='word_1_240' title='bbox 276 3087 341 3143; x_wconf 88' lang='lat' dir='ltr'>fata</span> <span class='ocrx_word' id='word_1_241' title='bbox 364 3085 494 3159; x_wconf 89' lang='lat' dir='ltr'>deusque</span> <span class='ocrx_word' id='word_1_242' title='bbox 518 3084 663 3159; x_wconf 83' lang='lat' dir='ltr'>sinebant,</span> <span class='ocrx_word' id='word_1_243' title='bbox 681 3083 717 3142; x_wconf 87' lang='lat' dir='ltr'>ut</span> <span class='ocrx_word' id='word_1_244' title='bbox 734 3084 893 3143; x_wconf 84' lang='lat' dir='ltr'>videantur</span> <span class='ocrx_word' id='word_1_245' title='bbox 910 3084 963 3142; x_wconf 92' lang='lat' dir='ltr'>illo</span> <span class='ocrx_word' id='word_1_246' title='bbox 982 3103 1077 3159; x_wconf 90' lang='lat' dir='ltr'>usque</span> <span class='ocrx_word' id='word_1_247' title='bbox 1096 3085 1196 3144; x_wconf 86' lang='lat' dir='ltr'>dulces</span> 
     </span>
     <span class='ocr_line' id='line_1_32' title="bbox 184 3173 1196 3249; baseline 0.002 -18"><span class='ocrx_word' id='word_1_248' title='bbox 184 3194 242 3249; x_wconf 92' lang='lat' dir='ltr'>quo</span> <span class='ocrx_word' id='word_1_249' title='bbox 266 3175 365 3233; x_wconf 82' lang='lat' dir='ltr'>iuerat</span> <span class='ocrx_word' id='word_1_250' title='bbox 386 3175 528 3248; x_wconf 89' lang='lat' dir='ltr'>peritura.</span> <span class='ocrx_word' id='word_1_251' title='bbox 575 3173 681 3248; x_wconf 93' lang='lat' dir='ltr'>quodsi</span> <span class='ocrx_word' id='word_1_252' title='bbox 705 3192 789 3232; x_wconf 92' lang='lat' dir='ltr'>amor</span> <span class='ocrx_word' id='word_1_253' title='bbox 812 3193 914 3231; x_wconf 90' lang='lat' dir='ltr'>earum</span> <span class='ocrx_word' id='word_1_254' title='bbox 936 3176 1041 3232; x_wconf 88' lang='lat' dir='ltr'>mortis</span> <span class='ocrx_word' id='word_1_255' title='bbox 1064 3177 1196 3249; x_wconf 88' lang='lat' dir='ltr'>tempore</span> 
     </span>
    </p>
   </div>
   <div class='ocr_carea' id='block_1_3' title="bbox 183 3360 1197 3647">
    <p class='ocr_par' dir='ltr' id='par_1_3' title="bbox 183 3360 1197 3647">
     <span class='ocr_line' id='line_1_33' title="bbox 255 3360 1197 3432; baseline 0 -17"><span class='ocrx_word' id='word_1_256' title='bbox 255 3368 323 3415; x_wconf 81' lang='lat' dir='ltr'>6—l</span> <span class='ocrx_word' id='word_1_257' title='bbox 343 3363 414 3432; x_wconf 74' lang='lat' dir='ltr'>eripe</span> <span class='ocrx_word' id='word_1_258' title='bbox 432 3361 484 3414; x_wconf 85' lang='lat' dir='ltr'>LR</span> <span class='ocrx_word' id='word_1_259' title='bbox 502 3361 545 3414; x_wconf 91' lang='lat' dir='ltr'>ed.</span> <span class='ocrx_word' id='word_1_260' title='bbox 565 3378 586 3413; x_wconf 84' lang='lat' dir='ltr'>e.</span> <span class='ocrx_word' id='word_1_261' title='bbox 601 3377 662 3430; x_wconf 74' lang='lat' dir='ltr'>erpo</span> <span class='ocrx_word' id='word_1_262' title='bbox 680 3376 740 3414; x_wconf 86' lang='lat' dir='ltr'>nos.</span> <span class='ocrx_word' id='word_1_263' title='bbox 827 3366 843 3413; x_wconf 88' lang='lat'>8</span> <span class='ocrx_word' id='word_1_264' title='bbox 863 3361 977 3415; x_wconf 77' lang='lat' dir='ltr'>ecclesii</span> <span class='ocrx_word' id='word_1_265' title='bbox 994 3360 1047 3414; x_wconf 84' lang='lat' dir='ltr'>th</span> <span class='ocrx_word' id='word_1_266' title='bbox 1064 3362 1167 3429; x_wconf 78' lang='lat' dir='ltr'>eripuit</span> <span class='ocrx_word' id='word_1_267' title='bbox 1184 3376 1197 3415; x_wconf 90' lang='lat' dir='ltr'>e</span> 
     </span>
     <span class='ocr_line' id='line_1_34' title="bbox 184 3431 1193 3502; baseline -0.001 -16"><span class='ocrx_word' id='word_1_268' title='bbox 184 3435 225 3486; x_wconf 89' lang='lat' dir='ltr'>ed.</span> <span class='ocrx_word' id='word_1_269' title='bbox 244 3437 247 3501; x_wconf 90' lang='grc' dir='ltr'>Ι</span> <span class='ocrx_word' id='word_1_270' title='bbox 264 3436 366 3487; x_wconf 84' lang='lat' dir='ltr'>eaciaa</span> <span class='ocrx_word' id='word_1_271' title='bbox 380 3434 439 3486; x_wconf 85' lang='lat' dir='ltr'>LR.</span> <span class='ocrx_word' id='word_1_272' title='bbox 486 3439 501 3485; x_wconf 89' lang='grc'>9</span> <span class='ocrx_word' id='word_1_273' title='bbox 513 3432 691 3501; x_wconf 80' lang='lat' dir='ltr'>properantis</span> <span class='ocrx_word' id='word_1_274' title='bbox 700 3432 808 3485; x_wconf 84' lang='lat' dir='ltr'>Aeaeae</span> <span class='ocrx_word' id='word_1_275' title='bbox 823 3431 888 3485; x_wconf 84' lang='lat' dir='ltr'>edF.</span> <span class='ocrx_word' id='word_1_276' title='bbox 937 3436 970 3483; x_wconf 90' lang='grc'><strong>14</strong></span> <span class='ocrx_word' id='word_1_277' title='bbox 982 3433 1129 3500; x_wconf 78' lang='lat' dir='ltr'>paulatum</span> <span class='ocrx_word' id='word_1_278' title='bbox 1144 3431 1193 3502; x_wconf 57' lang='lat' dir='ltr'>Iul</span> 
     </span>
     <span class='ocr_line' id='line_1_35' title="bbox 183 3502 1197 3573; baseline 0.002 -16"><span class='ocrx_word' id='word_1_279' title='bbox 183 3506 403 3573; x_wconf 69' lang='lat' dir='ltr'>ifaeabaaqae-</span> <span class='ocrx_word' id='word_1_280' title='bbox 415 3511 447 3558; x_wconf 83' lang='lat'>15</span> <span class='ocrx_word' id='word_1_281' title='bbox 466 3506 547 3558; x_wconf 83' lang='lat' dir='ltr'>uerba</span> <span class='ocrx_word' id='word_1_282' title='bbox 567 3504 646 3556; x_wconf 87' lang='lat' dir='ltr'>deest</span> <span class='ocrx_word' id='word_1_283' title='bbox 664 3502 695 3555; x_wconf 91' lang='lat' dir='ltr'>in</span> <span class='ocrx_word' id='word_1_284' title='bbox 708 3503 769 3569; x_wconf 82' lang='lat' dir='ltr'>LR,</span> <span class='ocrx_word' id='word_1_285' title='bbox 785 3503 832 3556; x_wconf 87' lang='lat' dir='ltr'>sed</span> <span class='ocrx_word' id='word_1_286' title='bbox 853 3520 887 3557; x_wconf 86' lang='lat' dir='ltr'>ex</span> <span class='ocrx_word' id='word_1_287' title='bbox 907 3502 1017 3556; x_wconf 85' lang='lat' dir='ltr'>licetur.</span> <span class='ocrx_word' id='word_1_288' title='bbox 1074 3509 1107 3555; x_wconf 79' lang='lat'>22</span> <span class='ocrx_word' id='word_1_289' title='bbox 1126 3506 1197 3559; x_wconf 83' lang='lat' dir='ltr'>siae-</span> 
     </span>
     <span class='ocr_line' id='line_1_36' title="bbox 184 3521 1194 3647; baseline -0.002 -18"><span class='ocrx_word' id='word_1_290' title='bbox 184 3579 229 3630; x_wconf 82' lang='lat' dir='ltr'>bai</span> <span class='ocrx_word' id='word_1_291' title='bbox 252 3576 304 3629; x_wconf 86' lang='lat' dir='ltr'>LR</span> <span class='ocrx_word' id='word_1_292' title='bbox 327 3576 396 3629; x_wconf 90' lang='lat' dir='ltr'>item</span> <span class='ocrx_word' id='word_1_293' title='bbox 419 3576 448 3629; x_wconf 88' lang='lat' dir='ltr'>in</span> <span class='ocrx_word' id='word_1_294' title='bbox 471 3576 585 3644; x_wconf 89' lang='lat' dir='ltr'>interpr.</span> <span class='ocrx_word' id='word_1_295' title='bbox 605 3574 699 3643; x_wconf 89' lang='lat' dir='ltr'>priore</span> <span class='ocrx_word' id='word_1_296' title='bbox 722 3574 797 3641; x_wconf 86' lang='lat' dir='ltr'>loco,</span> <span class='ocrx_word' id='word_1_297' title='bbox 822 3576 852 3627; x_wconf 91' lang='lat' dir='ltr'>at</span> <span class='ocrx_word' id='word_1_298' title='bbox 875 3521 964 3627; x_wconf 68' lang='lat' dir='ltr'>aiteio</span> <span class='ocrx_word' id='word_1_299' title='bbox 987 3576 1113 3629; x_wconf 83' lang='lat' dir='ltr'>siaebaai</span> <span class='ocrx_word' id='word_1_300' title='bbox 1135 3576 1164 3627; x_wconf 91' lang='lat' dir='ltr'>L.</span> <span class='ocrx_word' id='word_1_301' title='bbox 1190 3575 1194 3647; x_wconf 71' lang='lat' dir='ltr'>l</span> 
     </span>
    </p>
   </div>
   <div class='ocr_carea' id='block_1_4' title="bbox 183 3645 1211 3775">
    <p class='ocr_par' dir='ltr' id='par_1_4' title="bbox 183 3645 1211 3775">
     <span class='ocr_line' id='line_1_37' title="bbox 184 3645 1211 3711; baseline -0.005 -12"><span class='ocrx_word' id='word_1_302' title='bbox 184 3650 268 3700; x_wconf 69' lang='lat' dir='ltr'>irrisae</span> <span class='ocrx_word' id='word_1_303' title='bbox 288 3648 339 3699; x_wconf 83' lang='lat' dir='ltr'>LR</span> <span class='ocrx_word' id='word_1_304' title='bbox 358 3664 426 3700; x_wconf 84' lang='lat' dir='ltr'>corr.</span> <span class='ocrx_word' id='word_1_305' title='bbox 442 3648 484 3701; x_wconf 84' lang='lat' dir='ltr'>cd.</span> <span class='ocrx_word' id='word_1_306' title='bbox 553 3652 588 3699; x_wconf 70' lang='lat'>24</span> <span class='ocrx_word' id='word_1_307' title='bbox 607 3647 723 3700; x_wconf 76' lang='lat' dir='ltr'>coluerit</span> <span class='ocrx_word' id='word_1_308' title='bbox 741 3645 793 3699; x_wconf 85' lang='lat' dir='ltr'>LR</span> <span class='ocrx_word' id='word_1_309' title='bbox 811 3646 888 3699; x_wconf 76' lang='lat' dir='ltr'>celle</span> <span class='ocrx_word' id='word_1_310' title='bbox 906 3646 953 3699; x_wconf 77' lang='lat' dir='ltr'>ed.</span> <span class='ocrx_word' id='word_1_311' title='bbox 1013 3651 1053 3697; x_wconf 64' lang='lat' dir='ltr'>‘lb</span> <span class='ocrx_word' id='word_1_312' title='bbox 1072 3647 1211 3711; x_wconf 56' lang='lat' dir='ltr'>manasset</span> 
     </span>
     <span class='ocr_line' id='line_1_38' title="bbox 183 3718 1181 3775; baseline 0.002 -7"><span class='ocrx_word' id='word_1_313' title='bbox 183 3719 203 3768; x_wconf 86' lang='lat' dir='ltr'>L</span> <span class='ocrx_word' id='word_1_314' title='bbox 224 3737 266 3771; x_wconf 84' lang='lat' dir='ltr'>-sa</span> <span class='ocrx_word' id='word_1_315' title='bbox 285 3719 309 3769; x_wconf 84' lang='lat' dir='ltr'><em>R</em></span> <span class='ocrx_word' id='word_1_316' title='bbox 327 3720 485 3775; x_wconf 68' lang='lat' dir='ltr'>decrevisset</span> <span class='ocrx_word' id='word_1_317' title='bbox 502 3738 517 3773; x_wconf 91' lang='lat' dir='ltr'>r</span> <span class='ocrx_word' id='word_1_318' title='bbox 535 3718 579 3775; x_wconf 84' lang='lat' dir='ltr'>ed.</span> <span class='ocrx_word' id='word_1_319' title='bbox 1176 3732 1181 3738; x_wconf 78' lang='grc'><em>·</em></span> 
     </span>
    </p>
   </div>
   <div class='ocr_carea' id='block_1_5' title="bbox 0 0 1372 4159">
    <p class='ocr_par' dir='ltr' id='par_1_5' title="bbox 0 0 1372 4159">
     <span class='ocr_line' id='line_1_39' title="bbox 0 0 1372 4159; baseline 0 1"><span class='ocrx_word' id='word_1_320' title='bbox 0 0 1372 4159; x_wconf 95' lang='lat' dir='ltr'> </span> 
     </span>
    </p>
   </div>
  </div>
 </body>
</html>
