2734 4159
475 356 480 363 .
577 298 760 363 AENEIDOS
778 300 817 355 IV
1143 301 1208 367 391

192 474 238 529 est
262 468 335 545 quid
357 468 500 530 moliatur
521 461 704 549 emendo).
749 469 823 529 haec
845 470 950 545 utique
974 470 1155 545 dicerentur,
1183 473 1211 531 si

191 558 418 635 responsionem
439 558 569 617 heminis
593 560 665 618 dens
687 577 828 634 praesens
851 560 999 635 potuisset
1023 560 1164 636 accipere.

261 648 338 706 Tum
359 665 426 706 cero
447 646 565 707 Aeeteos
588 652 707 721 aspecto
729 646 871 707 obmutuit
893 665 994 707 amcos
1017 653 1201 722 arrectaeque
1210 656 1263 706 280

190 738 312 802 honore
338 754 435 797 comae
463 740 565 795 ctvoc
587 736 725 810 faucbus
746 738 852 803 haesit:
882 736 1039 799 recedente
1062 738 1209 798 Mercurio

167 826 351 903 sevigilavit
386 824 504 885 Aeneas
540 844 667 901 cumque
703 844 803 885 secum
840 826 1041 888 consideraret
1077 828 1143 886 visa
1179 830 1210 886 et

192 915 309 989 audita,
338 916 467 992 elinguis
495 915 615 974 effectus
639 918 694 989 est,
716 914 814 974 haesit
835 914 971 975 faucibus
994 935 1053 975 vox
1075 916 1151 991 eius,
1179 919 1210 975 et

192 1023 345 1063 comarum
363 1004 509 1063 mollities·
518 1021 629 1080 pavore
643 1005 861 1063 interveniente
876 1003 991 1075 durata,
1005 1004 1076 1064 dum
1090 1006 1211 1079 iaceret,

191 1096 291 1153 erecta
310 1096 362 1152 est.
400 1093 554 1152 videamus
577 1092 742 1169 posthaec
765 1093 864 1169 qualis
889 1093 1084 1171 cogitationes
1102 1094 1209 1155 habuit

191 1184 307 1247 monita
330 1181 460 1240 Mercuri
482 1184 684 1257 pertractans:
707 1183 799 1250 ardet,
821 1183 930 1257 inquit,
953 1184 1034 1242 obire
1051 1184 1125 1257 sepo
1143 1184 1209 1243 dul-

155 1292 178 1331 10
191 1272 288 1343 obque
313 1272 476 1345 relinquere
503 1275 597 1338 terras
625 1274 764 1330 otiocitos
791 1274 871 1330 tanto
897 1274 1010 1331 monito
1031 1274 1209 1346 imperioque

186 1360 320 1432 puteorum.
356 1379 417 1418 non
434 1362 533 1418 inanis
553 1359 729 1419 deliberatio
753 1360 832 1436 apud
856 1379 923 1419 eum
946 1361 1006 1420 fuit
1029 1380 1116 1436 quem
1140 1379 1208 1421 con-

190 1448 292 1508 stabat
324 1448 447 1507 deorum
478 1468 541 1509 esse
574 1450 727 1508 cultorem.
773 1450 857 1509 cuius
885 1452 929 1509 rei
957 1450 1208 1526 contemplatione

189 1540 343 1613 permotus
361 1538 513 1597 tractabat
531 1557 590 1597 non
608 1539 708 1597 minus
727 1539 819 1598 etiam
838 1538 929 1597 aliam
948 1542 1073 1615 partem.
1107 1557 1211 1598 occur·-

188 1627 297 1686 rebant
319 1629 399 1685 enim
417 1627 544 1686 Didonis
566 1628 738 1687 humanitas
762 1630 792 1687 et
810 1629 877 1703 ipsa
895 1628 1120 1704 qualiscumque
1139 1646 1208 1689 con-

150 1736 175 1777 ιε
189 1715 303 1775 iunctio
331 1719 361 1775 et
388 1719 485 1775 terrae
512 1718 574 1775 iam
601 1716 702 1775 dulces
730 1736 766 1775 ex
791 1734 884 1777 mora.
930 1735 1056 1792 cumque
1084 1736 1144 1777 unc
1172 1737 1208 1775 ex

189 1805 284 1864 latere
308 1809 404 1864 metus
427 1806 547 1863 divinae
570 1805 711 1866 iussionis
733 1806 899 1881 insisteret,
925 1825 961 1865 ex
984 1807 1079 1866 altero
1101 1806 1207 1882 pudor,

189 1894 263 1970 quid
291 1894 388 1953 fecere
416 1894 536 1954 deberet
562 1897 596 1953 in
617 1895 675 1954 tali
697 1896 818 1973 negotio
842 1895 1003 1973 cogitabat.
1050 1896 1208 1964 constabat

188 1986 291 2041 tamen
318 1983 399 2044 Iovis
427 2003 462 2043 ac
484 1984 613 2043 Mercuri
640 1985 820 2044 sententiam
846 1984 1101 2061 praeponendam,
1129 2004 1206 2061 quae

188 2073 320 2135 faciebat
346 2093 400 2148 pro
428 2073 562 2132 utilitate
590 2074 750 2133 tractantis
779 2076 810 2132 et
836 2075 994 2149 potestatis
1026 2075 1208 2134 auctoritate

143 2178 174 2221 ac
189 2164 295 2221 ceteris
319 2162 422 2221 debuit
444 2163 595 2221 antefem'.
640 2164 825 2228 remanserat
852 2164 947 2240 igitur
974 2163 1092 2222 consilii
1118 2165 1206 2237 ratio,

188 2254 290 2309 utrum
313 2250 423 2310 sciente
448 2270 487 2309 an
508 2251 603 2311 inscia
619 2251 736 2310 Didone
755 2251 867 2319 discedi
886 2251 1006 2311 deberet
1024 2254 1079 2311 aut
1096 2255 1206 2329 posset,

186 2340 244 2399 hoc
262 2343 308 2398 est
331 2340 411 2415 quod
434 2340 478 2398 ait
498 2341 555 2398 bec
573 2340 644 2413 qued
662 2341 751 2414 apat?
774 2358 830 2413 cco
848 2343 1077 2415 concrepitare
1095 2342 1206 2401 ambire

186 2430 332 2502 foresten
349 2429 459 2488 cudent
476 2430 602 2504 adfatu?
621 2424 812 2503 qeue'prcma
831 2431 951 2489 exordio
968 2432 1085 2489 sumat?
1111 2433 1258 2504 anasse

187 2520 321 2577 acimum
343 2537 422 2578 conc
444 2520 500 2577 buc
522 2520 647 2587 celerem,
665 2536 746 2578 cwnc
768 2519 873 2578 diuidit
894 2519 965 2579 illoc
986 2516 1036 2593 [to
1051 2522 1205 2593 parasque

138 2623 173 2667 ze
186 2610 268 2679 rapit
289 2610 391 2666 carias
408 2625 520 2681 perque
542 2610 643 2666 ornata
664 2605 788 2683 versatJ.
823 2610 857 2666 in
873 2608 926 2677 ¹liis
949 2610 1050 2667 tamen
1073 2608 1205 2669 aestibus

187 2697 282 2754 animi
305 2698 482 2770 constituto,
509 2715 577 2755 cum
599 2698 767 2758 reverentia
789 2698 886 2757 maior
909 2715 977 2755 cum
998 2698 1113 2773 pudore
1136 2717 1204 2757 con-

186 2785 332 2859 tenderet,
351 2786 487 2844 constitit
506 2786 558 2845 diu
577 2787 762 2864 exagitatum
779 2785 885 2846 robore
904 2787 1027 2846 fortiore
1047 2786 1204 2855 consilium

185 2876 218 2933 et
236 2875 317 2950 quod
335 2876 368 2932 in
386 2875 481 2950 partis
500 2878 566 2934 tcta
584 2876 737 2934 celeritate
755 2874 937 2951 rapiebatur
948 2878 1081 2935 cautiore
1101 2875 1204 2945 defini-

185 2965 268 3021 tione
286 2963 435 3021 firmatum
457 2968 513 3023 est:
535 2966 607 3029 baec
624 2966 783 3023 alternanti
796 2966 898 3038 potior,
911 2968 1136 3036 sententiocc'sa
1154 2969 1203 3033 cst.

259 3192 273 3239 1
294 3187 343 3254 qui
360 3188 490 3241 moliatur
508 3186 533 3239 R
552 3204 620 3240 corr.
635 3206 657 3242 r.
718 3194 734 3241 2
753 3188 816 3243 deos
833 3187 885 3241 LR
904 3203 973 3241 corr.
987 3204 1009 3241 r.
1065 3192 1080 3240 ‘1
1100 3188 1203 3243 dorato

184 3273 239 3309 om.
260 3257 303 3309 ed.
377 3262 393 3311 8
412 3264 499 3312 erecta
516 3258 569 3310 LR
586 3261 690 3328 duroto
709 3260 752 3315 ed.
769 3262 773 3327 Ι
794 3260 892 3314 babuit
905 3258 962 3323 LB
979 3260 1105 3319 babtscrit
1122 3259 1165 3323 ed.

186 3334 292 3381 14-15
311 3330 466 3382 coniunctio
485 3334 573 3383 terroe
590 3332 648 3385 iam
666 3332 758 3399 dulces
775 3330 828 3396 LR
850 3330 940 3397 doleis
959 3330 1011 3396 ed„
1031 3330 1080 3383 sed
1099 3332 1203 3400 qualia

183 3416 298 3467 cumque
317 3400 354 3452 ad
369 3399 488 3453 Didonis
508 3401 732 3456 coniunctionem
752 3404 871 3471 spectat,
891 3408 1021 3470 quercet
1040 3403 1203 3464 terrassiam

184 3472 277 3527 dulces
295 3473 324 3524 et
343 3473 520 3525 occurrebant
537 3472 638 3541 scripsi
657 3473 716 3528 -bct
733 3474 786 3527 th
805 3474 848 3527 ed
932 3478 964 3527 l'i
976 3473 1036 3538 ‚tali
1053 3471 1106 3535 ΕΒ
1125 3479 1202 3536 tacto

184 3543 229 3595 ed.
292 3547 325 3594 21
344 3544 435 3610 cirum
453 3542 505 3595 LR
524 3550 615 3597 utrem
634 3563 648 3609 r
667 3544 710 3610 cd,
729 3593 730 3597 ,
752 3551 809 3605 ,24
823 3546 948 3607 ¹c'o--25
966 3548 1057 3610 coeat
1073 3543 1154 3607 deest
1171 3544 1205 3606 ‚in¹

184 3613 249 3682 LR,
269 3613 319 3680 scd
338 3613 502 3684 explicatur.
575 3621 609 3682 26
625 3617 791 3674 ,constitutus
809 3616 862 3669 LR
881 3616 924 3678 ed.
944 3622 1068 3679 ·to2nos..,
1083 3614 1097 3683 t
1112 3615 1204 3674 caeter

184 3688 238 3738 om}
253 3685 319 3739 ch.
393 3691 426 3737 29
442 3688 584 3752 firmentum
602 3686 628 3741 n
645 3688 729 3757 tireio
749 3690 769 3759 f.
786 3688 821 3744 L.
