2734 4159
531 335 714 391 AENEIDOS
732 335 758 390 V
1093 334 1160 399 433

143 507 341 578 constituero,
369 506 479 563 faciam
507 507 536 564 ei
562 506 718 582 templum.
763 506 911 579 templum
939 505 1016 564 dixit
1038 508 1073 562 ut
1096 505 1160 580 deo,

142 615 202 654 non
230 595 405 653 memoriam
432 596 466 652 ut
498 595 614 652 homini
645 598 777 668 mortuo,
810 598 839 653 et
867 612 951 653 sacra
982 594 1070 667 dixit,
1100 614 1160 654 non

142 685 274 742 inferias.
321 686 350 741 et
379 683 520 758 quoniam
544 684 782 759 spectaculorum
805 684 935 759 gratiam
958 683 1047 742 debet
1069 684 1160 742 etiam

143 772 264 833 refectio
298 792 455 847 corporum
491 774 591 847 sequi,
627 773 778 848 promittit
814 774 960 832 universis
998 790 1159 831 annonam:

115 863 214 923 abina
241 864 327 920 boma
354 863 434 920 robis
460 862 549 921 Prota
574 866 730 936 pennatus
751 860 868 920 Acestes
896 862 948 921 alat
969 878 1090 919 numero
1113 878 1159 920 ea·

138 953 205 1024 pita
227 953 260 1009 in
282 953 377 1009 nanis.
422 951 561 1026 promisit
584 951 619 1008 de
643 951 741 1010 alieno
765 953 884 1009 tantum
907 969 1098 1025 praesumens
1124 949 1160 1008 de

143 1040 260 1098 Acestis
279 1040 481 1099 benivolentia
499 1043 647 1115 quantum
664 1040 790 1098 fiduciae
805 1039 896 1098 dabat
910 1040 1072 1115 superioris
1086 1041 1159 1098 tem-

143 1131 225 1203 poris
249 1129 375 1205 largitas
399 1133 429 1187 et
450 1131 605 1206 praecipui
628 1129 746 1187 animus
769 1128 852 1188 civis.
894 1130 1024 1189 adhibete
1040 1130 1161 1202 penatis

145 1222 171 1276 et
187 1221 304 1291 patrios
327 1219 420 1290 epatis
444 1222 470 1276 et
492 1236 562 1290 qnos
585 1219 652 1278 colit
672 1219 775 1291 hospes
797 1216 928 1277 Acestes:
956 1236 1008 1276 vos
1031 1236 1160 1276 memen-

103 1330 130 1368 ιο
144 1310 220 1380 tote,
243 1310 291 1381 ut,
314 1325 382 1365 eum
404 1307 490 1367 binos
513 1307 603 1367 boves
626 1326 680 1383 per
703 1308 789 1366 navis
813 1307 945 1383 singulas
974 1308 1160 1383 sumpseritis

145 1399 175 1453 et
193 1397 371 1470 paraveritis
391 1398 503 1472 epulas,
518 1396 685 1455 adhibeatis
705 1414 773 1454 cum
791 1398 903 1455 nostris
916 1396 1075 1471 penatibus
1090 1396 1160 1455 deos

144 1504 219 1559 quos
242 1486 350 1561 hospes
373 1488 436 1562 ipse
460 1489 628 1545 veneratur.
659 1490 825 1559 praeterea,
843 1488 870 1544 si
892 1502 972 1544 nona
990 1486 1067 1545 diem
1084 1502 1160 1543 mer·

143 1576 251 1633 talibas
280 1577 391 1633 almam
418 1571 530 1634 aurora
557 1574 690 1633 enialerit
715 1574 866 1647 radiisque
890 1576 1023 1633 retexerit
1049 1575 1160 1633 orbem:
1179 1586 1218 1633 ao

144 1666 326 1738 praestruxit
345 1666 454 1739 omnia,
473 1664 567 1722 edixit
585 1663 665 1722 diem
682 1663 830 1738 ludorum,
849 1663 891 1723 sic
908 1668 1019 1738 tamen,
1038 1666 1064 1723 si
1081 1664 1159 1722 aeris
1268 1668 1272 1677 ’

104 1776 130 1815 15
145 1755 236 1810 etiam
264 1755 422 1829 temperies
450 1755 635 1828 proveniret,
665 1755 696 1811 et
723 1772 782 1811 non
809 1755 978 1830 proximum
1005 1754 1078 1811 satis
1106 1771 1160 1811 nee

145 1842 217 1899 satis
240 1843 373 1918 longum,
396 1844 431 1900 ut
453 1843 585 1900 medium
608 1845 727 1916 tempus
745 1860 799 1900 nec
818 1841 939 1900 haberet
959 1841 1093 1900 diutinae
1113 1862 1160 1899 ex·

144 1933 323 2006 pectationis
347 1932 479 1989 taedium
503 1934 533 1989 et
555 1934 656 1989 tamen
674 1932 820 1990 maiorem
839 1931 1042 1990 celebritatem
1059 1933 1160 2005 posset

145 2020 309 2094 adquirere.
354 2039 442 2094 nono,
465 2022 574 2095 inquit,
597 2019 645 2079 die
668 2020 756 2078 ludos
780 2019 903 2094 habebo,
926 2022 953 2079 si
976 2021 1160 2080 consentien-

144 2109 226 2167 tibus
245 2110 399 2168 elementis
419 2109 499 2168 alma
517 2111 583 2168 luce
602 2108 758 2185 provenire
776 2109 917 2185 potuerit.
951 2110 1063 2167 almum
1082 2109 1160 2168 diem

103 2222 131 2261 20
144 2199 343 2272 tranquillum
363 2198 501 2257 debemus
520 2198 662 2273 accipere,
678 2200 750 2274 quia
768 2199 874 2257 navale
894 2202 1043 2257 certamen
1061 2199 1161 2259 fuerat

144 2287 314 2360 habiturus,
342 2289 391 2346 eui
417 2288 624 2363 tranquillitas
646 2288 749 2364 pelagi
771 2287 872 2346 fuerat
894 2289 1068 2346 necessaria.
1115 2287 1159 2345 in-

145 2378 247 2433 sinuat
274 2377 380 2434 dehinc
407 2377 509 2435 futura
535 2378 732 2435 certaminum
755 2394 873 2452 genera,
898 2379 933 2435 ut
955 2378 1160 2452 unusquisque

144 2465 255 2522 maiore
289 2466 387 2523 studio
420 2469 490 2525 ante
522 2469 639 2543 tempus
677 2484 817 2526 accensus
854 2467 969 2524 veniret
1001 2466 1039 2524 ad
1072 2466 1159 2525 diem.

145 2553 292 2627 percurrit
318 2555 391 2613 haec
418 2556 450 2613 in
478 2554 584 2631 quibus
613 2556 789 2614 enitesceret
815 2554 911 2614 virtus
938 2557 1041 2631 potius
1070 2573 1161 2630 quam

102 2664 130 2704 aa
145 2642 283 2701 ludorum
311 2643 444 2719 turpium
474 2646 663 2719 corruptione
687 2643 875 2703 sordesceret.
922 2664 982 2703 non
1005 2643 1160 2703 edicuntur

145 2732 241 2806 mimi,
271 2733 322 2807 qui
346 2733 417 2791 solis
440 2733 605 2792 inhonestis
629 2735 659 2792 et
682 2733 827 2792 adulteris
849 2734 982 2809 placent3
1015 2753 1069 2810 per
1091 2734 1159 2793 illos

145 2823 224 2878 enim
265 2823 389 2881 discitur
430 2822 679 2898 quemadmodum
720 2822 838 2880 inlicita
879 2821 953 2881 fiant
990 2824 1043 2880 aut
1079 2823 1161 2881 facta

145 2914 313 2970 noscantur.
359 2931 418 2970 non
451 2911 608 2970 edicuntur
640 2912 815 2970 saltationes
847 2911 956 2985 fluxae,
988 2912 1020 2968 in
1052 2911 1159 2986 quibus

145 3001 272 3059 saltator
299 3001 350 3058 ille
379 3004 424 3059 est
451 3001 557 3060 melior
585 3001 638 3076 qui
665 3000 852 3075 perditorum
878 3000 989 3059 iudicio
1015 3000 1159 3058 membro·

101 3110 131 3150 so
145 3110 211 3146 rum
234 3089 368 3147 virilium
391 3090 481 3148 robur
503 3092 535 3147 in
559 3091 738 3149 solutionem
761 3090 923 3148 femineam
941 3091 1076 3162 verterit3
1101 3109 1160 3147 non

218 3296 278 3346 lei
297 3295 347 3347 LR
366 3297 448 3348 etiam
466 3295 531 3348 ear.
550 3296 554 3367 Ι
574 3296 650 3350 eadee
668 3295 722 3348 LR
739 3302 771 3348 nt
789 3296 838 3349 deo
856 3314 871 3348 r
889 3295 933 3348 ed.
1015 3296 1161 3349 8animns

145 3365 221 3417 aiacis
240 3365 291 3417 LR
310 3385 336 3420 a.
351 3369 418 3421 civis
436 3383 487 3420 nos
506 3366 608 3420 01157
628 3368 719 3420 animi
736 3368 825 3421 virias
844 3367 886 3419 ed.
955 3372 987 3419 11
1007 3367 1160 3419 adhibeatis

146 3452 198 3487 om.
219 3437 345 3492 adbibere
364 3441 430 3491 ante
450 3438 512 3492 deos
530 3438 660 3509 interpol.
676 3438 719 3490 ed.
803 3444 836 3492 14
855 3439 943 3491 edinit
961 3437 1012 3489 LR
1030 3445 1055 3492 et
1075 3438 1161 3491 edixit

145 3507 188 3559 ed.
255 3514 287 3560 16
307 3526 355 3562 nec
373 3509 425 3561 LR
443 3526 500 3563 non
519 3510 583 3577 cdl
606 3511 732 3563 diutinae
750 3509 803 3562 La
821 3510 932 3563 diuinae
951 3509 993 3563 ed.
1060 3514 1092 3563 18
1111 3510 1161 3561 ba-

146 3580 208 3631 bebo
223 3579 274 3631 LR
288 3582 414 3634 exhibebo
429 3581 472 3633 ed.
528 3587 560 3633 21
580 3583 627 3635 cni
640 3580 692 3632 th
706 3597 760 3649 pro
775 3598 827 3650 qno
842 3581 884 3633 ed.
941 3585 974 3633 28
993 3581 1162 3635 scelerationes

145 3649 196 3701 LR
217 3667 313 3703 eorr.r
333 3651 375 3703 ed.
432 3657 465 3703 29
484 3652 589 3707 indicio
608 3653 650 3706 ed.
707 3656 741 3704 30
759 3653 915 3707 solitionem
930 3651 989 3703 aa
1005 3653 1179 3704 solationem

143 3738 214 3773 corr.
229 3722 250 3773 L
265 3722 290 3773 ll
305 3739 377 3776 man.
397 3725 571 3779 saltationem
590 3725 635 3781 ed.
651 3728 657 3794 l
677 3725 831 3793 femineam
850 3741 910 3778 orn.
924 3722 973 3775 ed.

188 3820 246 3857 Dori.
261 3821 356 3868 interpr.
369 3822 436 3874 Verg.
461 3827 507 3867 vol.
522 3827 543 3869 I.
947 3814 987 3861 ‘R
