2734 4159
190 367 211 434 6
470 365 610 421 DONATI
627 366 796 422 IN'l'thPR.
816 365 932 426 VERG-

188 537 271 598 lectu
297 537 385 615 longe
413 554 475 595 esse
503 535 655 596 discretos
700 536 852 614 Vergilius
869 538 960 595 enim
987 538 1014 595 si
1036 536 1113 595 dixit
1135 536 1206 596 deos

189 643 253 687 essa
281 628 312 685 et
333 644 451 685 rursum
473 644 534 684 non
556 643 620 685 esse
642 626 833 701 memoravit,
857 627 917 685 alio
940 628 1041 686 autem
1063 627 1129 685 loco
1152 644 1205 702 po-

189 716 252 776 suit
274 732 345 789 esse,
369 714 420 773 sed
443 714 519 773 nihil
543 723 660 791 curare,
684 715 745 773 alio
768 734 838 774 vero
862 733 925 776 esse
948 717 979 773 et
1001 734 1104 775 curare
1128 733 1206 790 quae

188 804 323 865 homines
342 805 444 882 agant,
462 822 525 864 asse
546 804 644 863 fatum
666 807 698 863 et
719 823 780 863 non
802 823 874 879 esse,
897 807 978 865 stata
1001 804 1049 863 die
1071 804 1207 864 homines

188 895 267 953 mori
289 896 321 954 et
342 891 493 953 interdum
516 896 586 952 ante
609 893 802 970 praefinitum
824 896 942 971 tempus
965 895 1113 972 extingui,
1140 910 1206 952 sen·
1234 912 1247 953 a

189 985 247 1042 tire
271 982 386 1059 aliquid
408 985 540 1042 mortuos
564 983 613 1042 vel
636 981 713 1041 nihil
736 1000 799 1042 esse
822 985 1049 1060 postmortem,
1072 1000 1132 1041 non
1155 981 1207 1040 ad-

189 1074 315 1133 serentis
338 1070 437 1132 officio
460 1072 567 1132 ductus
591 1074 646 1147 est,
675 1072 728 1132 sed
750 1090 805 1147 pro
827 1075 970 1148 tempore,
993 1091 1048 1149 pro
1071 1089 1207 1148 persona,

190 1180 246 1238 pro
268 1161 344 1236 loco,
366 1179 420 1237 pro
444 1179 535 1220 causa
557 1163 611 1219 aut
633 1160 784 1219 adstruxit
805 1162 865 1221 ista
888 1164 941 1219 aut
964 1164 1042 1221 certe
1061 1160 1207 1220 dissolvit.

187 1250 329 1325 denique,
356 1252 383 1310 si
415 1250 454 1310 ad
480 1251 669 1326 propositum
698 1250 799 1308 thema
827 1250 995 1323 redeamus,
1023 1250 1207 1308 inveniemus

190 1339 358 1418 Vergilium
380 1338 413 1397 id
436 1356 499 1398 esse
521 1339 696 1414 professum,
714 1341 751 1397 ut
773 1342 858 1418 gesta
875 1338 995 1397 Aeneae
1013 1341 1208 1415 percurreret,
1222 1359 1249 1399 ro

188 1447 248 1487 non
275 1431 310 1507 pt
338 1428 470 1505 aliquam
497 1429 639 1488 scientiae
661 1427 813 1488 interioris
836 1429 884 1487 vel
906 1428 1115 1503 philosophiae
1138 1446 1208 1503 par-

187 1521 250 1577 tem
274 1519 361 1594 quasi
383 1517 518 1576 adsertor
541 1515 719 1576 adsumeret.

255 1605 375 1665 Interea
392 1606 448 1665 hoc
467 1624 584 1681 quoque
602 1606 773 1665 mirandum
789 1607 878 1666 debet
892 1606 1017 1681 adverti,
1032 1605 1074 1665 sic
1088 1605 1208 1665 Aeneae

188 1694 309 1753 laudem
327 1713 390 1754 esse
408 1695 595 1771 dispositam,
609 1697 644 1752 ut
661 1697 694 1753 in
711 1695 809 1771 ipsam
828 1696 977 1772 exquisita
996 1698 1059 1754 arte
1074 1697 1208 1753 omnium

187 1785 384 1843 materiarum
407 1801 516 1861 genera
534 1784 735 1843 convenirent.
774 1803 832 1860 quo
851 1784 886 1843 fit
904 1789 940 1844 ut
958 1784 1125 1861 Vergiliani
1144 1802 1207 1843 car·
1222 1804 1249 1844 15

188 1872 278 1933 minis
306 1873 401 1932 lector
426 1872 583 1931 rhetoricis
610 1875 777 1948 praeceptis
803 1876 913 1933 instrui
935 1876 1032 1949 possit
1054 1875 1085 1932 et
1107 1873 1208 1931 omnia

188 1962 309 2022 vivendi
337 1962 504 2040 agendique
532 1961 632 2020 officia
653 1964 792 2037 reperire.
836 1965 933 2023 restat
955 1967 991 2022 ut
1014 1965 1084 2021 ante
1107 1962 1207 2037 dispu-

187 2053 313 2111 tationis
350 2050 501 2111 interioris
538 2050 706 2128 ingressum
742 2054 835 2111 etiam
870 2052 926 2110 hoc
968 2052 1074 2111 debeat
1117 2054 1209 2125 nosci,

188 2141 407 2200 ordinationem
431 2140 529 2216 operis
554 2142 601 2199 sui
628 2141 671 2198 sic
700 2141 869 2200 conlocasse
892 2140 1071 2219 Vergilium,
1098 2143 1133 2198 ut
1156 2160 1208 2216 po·

187 2232 315 2289 steriora
341 2232 482 2306 primitus
510 2232 540 2288 et
568 2231 666 2305 prima
694 2231 842 2305 posterius
870 2233 1008 2305 poneret3
1035 2248 1106 2288 nam
1135 2229 1209 2288 Sici·
1223 2250 1250 2289 ro

187 2319 275 2378 hensi
303 2322 334 2376 in
362 2322 449 2395 parte
476 2320 668 2397 naufragium
697 2318 879 2394 descriptum
906 2337 965 2376 non
994 2319 1073 2378 inter
1095 2319 1209 2393 primos

187 2407 304 2467 labores
333 2406 451 2467 Aeneae
479 2408 708 2482 numerabatur,
741 2426 835 2482 usque
868 2407 941 2465 adeo
974 2411 1008 2466 ut
1037 2410 1102 2483 ipse
1129 2408 1210 2466 idem

188 2496 299 2555 diceret
327 2488 371 2576 (1,
399 2490 469 2577 29):
501 2499 647 2572 „iactatos
676 2514 804 2572 aequore
832 2498 896 2555 toto
925 2497 1032 2570 Troas,
1064 2497 1208 2572 reliquias

187 2585 326 2645 Danaum
350 2588 441 2660 atque
463 2588 579 2645 inmitis
602 2586 732 2660 Achilli,
760 2585 881 2645 arcebat
908 2587 997 2665 longe
1020 2585 1108 2645 Latio
1132 2587 1209 2644 mul-

186 2677 293 2750 tosque
313 2693 368 2750 per
386 2693 480 2733 annos
499 2675 640 2735 errabant
659 2675 720 2735 acti
739 2675 811 2734 fatis
829 2677 925 2734 maria
944 2676 1046 2734 omnia
1064 2674 1208 2751 circum“;
1224 2694 1250 2735 aa

187 2766 218 2824 et
251 2784 285 2822 ex
313 2763 431 2822 Aeneae
464 2783 592 2839 persona
620 2757 784 2847 (1,198):
822 2784 857 2838 „o
885 2766 972 2838 socii,
1007 2783 1102 2840 neque
1130 2767 1210 2823 enirn

139 2921 141 2926 ¹
187 2854 287 2932 ignari
310 2870 411 2911 sumus
435 2857 504 2912 ante
527 2854 685 2928 malorum,
709 2873 726 2912 o
749 2856 832 2929 passi
854 2857 1003 2933 graviore,
1030 2854 1115 2913 dabit
1137 2854 1209 2913 deus

186 2942 234 3001 his
262 2960 381 3018 quoque
408 2941 506 3000 finem.
552 2960 606 3001 vos
634 2945 664 3001 et
693 2942 861 3018 Scyllaeam
887 2944 1001 3002 rabiem
1029 2944 1210 3020 penitusque
1288 2970 1290 2973 ·

187 3031 322 3092 sonantis
346 3032 471 3091 accestis
494 3032 641 3106 scopulos,
663 3049 717 3089 vos
739 3034 768 3090 et
794 3030 942 3108 Cyclopea
965 3051 1037 3091 sara
1062 3030 1208 3108 experti“;

187 3125 218 3180 et
246 3140 280 3179 cx
306 3136 435 3196 persona
462 3119 588 3179 Didonis
617 3112 662 3201 (1,
683 3112 776 3200 755):
813 3140 902 3195 „nam
929 3124 960 3179 te
987 3123 1049 3179 iam
1082 3121 1210 3195 septima
1224 3140 1252 3181 ao

186 3212 291 3286 portat
331 3209 468 3267 omnibus
510 3211 660 3268 errantem
701 3210 789 3268 terris
832 3213 861 3267 et
902 3209 1042 3269 fluctibus
1084 3208 1209 3269 aestas“.

187 3298 261 3357 haec
306 3317 376 3377 ergo
424 3317 501 3373 quae
542 3298 718 3373 posterioris
759 3299 902 3374 temporis
944 3298 1068 3357 fuerunt
1108 3300 1210 3375 posuit

281 3412 402 3419 ---.-

182 3472 186 3479 ’
259 3475 368 3524 latoio
386 3468 408 3523 L
428 3472 469 3536 (tu
490 3483 636 3537 superpos.
655 3483 730 3521 man.
751 3467 787 3538 ll)
806 3467 832 3520 lt
849 3473 954 3521 matuta
973 3466 1016 3522 ed.
1083 3474 1143 3523 ‘let
1160 3486 1211 3537 pro

186 3540 273 3608 L(in
291 3546 330 3595 set
344 3557 397 3609 pro
415 3556 485 3595 corr.
503 3555 579 3594 man.
598 3539 633 3610 Π)
652 3540 721 3594 etit
750 3540 798 3594 aad
816 3556 831 3591 r
848 3537 891 3591 ed.
965 3540 1141 3595 sudatoria
1159 3540 1211 3593 th

173 3612 325 3663 acerram?
340 3611 384 3664 ed.
400 3612 409 3681 l
426 3612 480 3667 isto
500 3628 554 3666 om.
574 3611 617 3666 ed.
678 3616 711 3665 14
731 3612 822 3681 ipsam
842 3609 863 3662 L
883 3611 945 3679 apsa
964 3611 989 3663 lt
1008 3610 1050 3663 ed.
1068 3614 1072 3679 Ι
1089 3614 1211 3665 cranium

153 3671 217 3725 ΕΗ
234 3683 337 3732 onznia
358 3682 404 3735 ed,
478 3689 515 3738 1⁷
533 3684 729 3757 daltpoaitiottt‘a
747 3680 890 3750 institoria
907 3680 950 3734 ed.
1016 3687 1050 3736 28
1069 3683 1211 3749 aquilicem

136 3735 205 3792 LE·
290 3755 329 3801 32
345 3753 434 3817 fuere
454 3757 499 3814 ed.
