2734 4159
473 360 475 364 ,
577 304 762 361 inermos
780 304 806 359 Π
987 325 989 330 ·
1136 303 1202 409 2βὸ

179 477 299 549 pedem,
324 476 450 549 peritur,
478 479 505 534 te
526 492 615 548 posse
641 475 738 534 relicto
760 474 905 549 sperasti?
928 476 1097 547 tantumque
1118 474 1204 547 resae

181 566 281 637 patrio
309 564 414 623 excidit
440 565 509 623 ore?
553 563 704 623 invidiosa
736 563 857 639 quidem
888 561 996 638 dictio,
1030 561 1082 623 sed
1113 563 1204 639 plena

185 654 308 729 pietatis
331 654 362 711 et
385 673 421 711 ex
443 653 562 712 adfectu
584 653 725 731 religioso
749 650 936 726 descendens,
955 650 1067 713 habens
1085 652 1118 710 in
1135 670 1204 728 pro-

185 742 355 802 nominibus
378 741 589 819 gravissimum
606 741 723 818 pondus
742 744 774 800 ct
791 742 865 801 satis
884 740 1019 800 validum
1038 744 1068 800 et
1085 743 1118 800 in
1135 742 1205 817 ipsa

156 832 332 891 ebrevitate
363 833 494 912 retinens
525 831 706 898 latissimam
738 848 844 890 causae
872 831 1029 889 rationem.
1074 831 1108 888 in
1134 849 1204 906 pro·

185 920 354 979 nominibus
378 920 433 980 sic:
465 938 560 995 mene,
582 919 692 996 inquit,
715 922 746 978 et
767 922 807 978 te.
852 938 937 978 mene
961 919 1017 978 hoo
1040 926 1086 979 est
1107 916 1205 978 filium

185 1013 271 1069 tuum
295 1012 379 1069 cuius
401 1011 555 1085 pietatem,
573 1008 674 1068 officia
695 1009 930 1086 religionemque
948 1008 1061 1084 optime
1080 1025 1204 1084 conpro-

185 1099 272 1159 basti.
319 1101 349 1157 te
377 1100 431 1174 qui
458 1100 498 1159 sis
526 1102 612 1174 pater
639 1116 736 1173 meus,
766 1098 820 1173 qui
845 1096 919 1156 bene
947 1098 1027 1158 nosti
1056 1096 1129 1173 quid
1151 1117 1203 1173 pa·

185 1190 283 1247 rentes
307 1188 433 1247 debeant
455 1187 567 1262 liben's,
591 1186 664 1263 quid
687 1186 744 1246 filii
764 1185 947 1262 parentibus,
965 1188 996 1245 te
1014 1188 1068 1262 qui
1084 1187 1205 1263 praeter

144 1300 171 1338 io
186 1277 356 1337 naturalem
379 1276 529 1335 adfectum
552 1279 593 1335 sis
616 1293 713 1349 senex,
736 1277 777 1335 sis
796 1277 871 1335 vitio
891 1276 1023 1351 corporis
1041 1275 1204 1352 inpeditus,

186 1371 216 1425 te
245 1385 332 1441 quem
360 1367 524 1425 amaverim
551 1384 667 1441 semper
694 1383 869 1440 semperque
902 1365 1052 1424 coluerim.
1098 1363 1204 1424 deinde

185 1457 252 1532 ipsa
275 1473 366 1515 eausa
385 1475 476 1530 quam
494 1455 604 1531 gravis,
623 1473 715 1529 quam
733 1455 888 1529 inpietatis
908 1453 1082 1513 criminibus
1100 1453 1204 1531 plenat

186 1544 269 1603 abire
298 1544 361 1602 sine
388 1546 489 1620 patre,
517 1542 599 1604 abire
622 1544 686 1603 sine
710 1546 829 1603 auctore
851 1543 991 1619 propriae
1014 1544 1136 1618 salutis,
1159 1563 1204 1602 re·

187 1635 323 1708 linquere
351 1652 450 1693 senem
478 1652 513 1692 ac
541 1632 669 1691 debilem
695 1632 750 1692 illo
778 1635 911 1709 tempore
939 1636 1030 1709 atque
1053 1633 1107 1692 illo
1130 1634 1205 1708 loco,

145 1722 240 1783 neubi
262 1722 356 1782 bostis
379 1722 475 1781 victor
497 1723 596 1783 fuerat
619 1740 767 1798 superque
790 1721 958 1797 discrimen,
982 1723 1034 1782 ubi
1058 1722 1205 1800 flammae,

186 1812 238 1870 ubi
262 1815 437 1888 supererant
459 1811 563 1888 gladii,
586 1811 639 1870 ubi
660 1830 741 1871 mors
765 1815 818 1870 aut
841 1811 1017 1870 detestanda
1045 1811 1205 1888 captivitas

186 1901 360 1960 inminebat.
393 1904 487 1974 mene,
505 1902 615 1976 inquit,
634 1899 788 1959 abiturum
806 1902 870 1959 sine
888 1903 918 1959 te
937 1903 1074 1977 sperasti,
1093 1901 1205 1976 optime

186 1994 281 2066 pater,
305 1993 359 2049 aut
382 1991 483 2066 aliquo
506 1989 612 2066 pedem
634 1987 809 2049 moturum?
855 1991 886 2048 et
907 1991 1009 2065 potuit
1028 1989 1086 2048 tibi
1104 1991 1205 2049 venire

186 2080 218 2137 in
250 2083 380 2139 mentem
413 2083 475 2139 tarn
508 2078 607 2138 dirum
637 2080 761 2154 tamque
792 2077 910 2155 inpium
946 2078 1041 2154 nefas,
1078 2081 1206 2154 potuisti

142 2191 172 2229 ao
187 2170 319 2246 cogitare
353 2169 432 2245 quod
465 2168 605 2228 abhorret
636 2188 654 2227 a
687 2166 819 2228 moribus
851 2164 944 2226 meis?
996 2169 1124 2243 potuisti
1155 2187 1206 2227 ore

187 2261 312 2333 paterno
345 2277 480 2334 promere
509 2257 588 2334 quod
615 2277 663 2316 me
691 2258 804 2316 faceret
831 2253 1033 2332 parricidam?
1079 2258 1105 2315 si
1131 2257 1207 2316 uidit

188 2366 222 2405 er
249 2351 332 2415 toute
359 2350 475 2421 superis
497 2348 596 2421 placet
621 2348 694 2406 urbe
720 2347 846 2419 relinqui
873 2348 900 2405 et
925 2346 1003 2404 sedet
1023 2346 1076 2403 boc
1099 2346 1259 2404 uuemoesso

184 2438 390 2509 perituraeque
413 2436 520 2496 addere
544 2437 650 2495 Troiae
676 2440 756 2508 teque
784 2440 902 2507 tuosque
928 2435 1025 2503 iuvat,
1046 2438 1130 2509 putet
1156 2436 1207 2494 isti

187 2527 282 2585 iauuu
305 2527 372 2583 leto:
396 2525 558 2585 artificiosa
579 2525 671 2584 dictio
691 2524 824 2599 satisque
843 2523 971 2599 subtilis,
990 2525 1156 2584 consentire
1175 2543 1207 2584 se

143 2636 173 2675 ee
188 2614 312 2674 simulat
330 2614 394 2673 eius
413 2615 564 2674 voluntati
579 2617 724 2673 ettamen
738 2613 816 2672 hunc
830 2613 1090 2672 vehementissime
1105 2615 1206 2688 terret,

187 2723 225 2762 ne
248 2705 280 2761 in
304 2703 407 2762 eadem
430 2703 566 2763 cessandi
587 2705 740 2779 pravitate
762 2702 910 2778 perduret.
957 2703 985 2762 si
1006 2702 1075 2780 hoc,
1098 2703 1207 2778 inquit,

188 2793 305 2868 placuit
327 2794 451 2868 superis,
474 2796 509 2851 ut
532 2791 568 2851 de
590 2811 703 2870 magna
725 2791 798 2850 urbe
821 2792 922 2851 nullae
941 2791 1086 2869 reliquiae
1105 2811 1207 2867 super·

188 2883 258 2954 sint,
281 2881 371 2957 idque
394 2883 425 2941 et
448 2883 482 2939 tu
504 2881 613 2957 probas
637 2880 718 2956 quod
737 2879 915 2941 adversariis
934 2884 1056 2958 gratum
1075 2884 1129 2955 est,
1147 2901 1208 2941 non

188 2972 271 3029 deest
285 2970 422 3030 omnibus
436 2969 522 3030 nobis
536 2971 651 3029 occasio
665 2969 822 3045 moriendi,
832 2969 886 3029 fiat
899 2969 981 3030 istud
996 2990 1064 3030 cum
1075 2970 1208 3031 hostiurn

261 3130 277 3176 6
298 3130 382 3176 ›neute
400 3123 449 3176 boo
467 3128 506 3175 est
523 3120 546 3173 L
564 3121 656 3192 uuus(
671 3122 697 3175 b.
717 3139 737 3176 e.
757 3122 790 3175 R.
875 3126 889 3174 7
909 3122 1010 3189 officiis
1027 3122 1209 3192 redipiouequc

188 3196 232 3247 ed.
309 3200 341 3247 12
361 3194 540 3263 iupietatibus
558 3192 583 3244 R
603 3208 671 3246 corr.
691 3210 712 3246 r.
788 3198 821 3246 13
840 3193 917 3248 abire
934 3193 993 3247 siue
1008 3198 1090 3261 putre
1110 3209 1163 3246 om.
1183 3193 1209 3247 a

189 3266 253 3318 add.
273 3284 287 3319 r
302 3292 336 3310 =
351 3265 380 3317 L.
437 3271 470 3319 15
489 3280 621 3333 superque
635 3263 687 3316 LR
700 3280 909 3333 supremumque
926 3261 948 3316 τ’
963 3264 1057 3317 nescio
1073 3266 1208 3319 annecte.

245 3343 277 3390 16
296 3343 430 3405 superaret
447 3337 469 3390 L
489 3336 532 3390 ed.
550 3334 721 3403 repercutit
739 3350 807 3390 corr.
823 3334 912 3387 r=L
931 3340 1093 3403 supereraut
1112 3349 1171 3388 nos.

191 3411 222 3461 17
243 3410 403 3463 habiturum
422 3407 474 3460 th
493 3423 561 3460 corr.
580 3423 602 3458 r.
690 3412 724 3459 22
743 3406 814 3461 aedit
832 3405 892 3459 LR.
980 3410 1013 3458 23
1029 3408 1209 3475 perituraque

189 3480 242 3532 LR
261 3497 330 3532 corr.
349 3497 370 3532 r.
397 3483 401 3547 Ι
431 3486 506 3548 teque
523 3494 625 3547 uosque
642 3476 665 3529 L
683 3484 761 3546 teque
779 3494 880 3546 uosque
898 3477 924 3530 R
942 3484 967 3531 te
985 3493 1090 3545 quoque
1108 3494 1209 3545 uosque

189 3551 233 3605 ed.
254 3558 329 3618 teque
348 3557 459 3619 tuosque
477 3568 498 3604 r.
590 3554 624 3602 25
644 3554 725 3604 terret
742 3548 794 3602 LR
812 3555 882 3603 teuet
900 3548 944 3602 cd.
1031 3553 1069 3601 ‘db
1087 3550 1222 3602 comanus

190 3622 242 3675 LR
266 3622 403 3677 crescendi
426 3622 468 3676 ed.
578 3625 611 3673 27
630 3620 799 3692 superbisti
822 3638 907 3693 super
923 3622 972 3677 bis
985 3620 1021 3674 u
1044 3618 1161 3685 superis
1174 3632 1206 3665 t-

188 3700 224 3745 29
236 3694 293 3756 fiat
305 3693 359 3744 LE
375 3710 459 3759 quum
476 3695 531 3761 fiat
550 3693 593 3750 ed.
