2734 4159
550 326 752 383 -AENEIDOS
771 328 810 381 111
1135 326 1200 390 317
1221 416 1224 420 ¹

181 502 264 577 cipio
297 500 498 578 lboiugenam
530 498 620 572 dixit,
653 500 689 556 ut
721 497 816 556 civica
846 497 990 575 religione
1023 498 1201 556 commotu

183 589 265 665 quod
282 591 404 665 potarat
421 607 481 648 non
499 589 630 666 negaret.
662 589 730 661 fare
748 604 816 659 ape:
832 586 1033 644 hortationem
1051 587 1201 662 poscentis

183 678 370 755 significant,
396 695 457 736 non
484 676 696 737 auctoritatem
725 674 866 734 iubentis.
912 674 985 734 dicit
1013 677 1075 733 iam
1105 676 1202 750 ipsam

171 786 307 827 causam
330 785 406 842 quae
429 766 516 824 illum
535 765 698 825 sollicitum
716 764 858 823 faciebat:
881 781 1008 837 eamque
1025 766 1119 822 amuis
1137 775 1219 822 eur-⁴

150 876 252 917 seura
272 856 346 915 mibi
362 873 509 929 prospera
531 855 605 913 dicit
626 856 728 927 relipio
752 857 778 911 et
795 856 890 912 ermeli
907 857 1066 912 suaseram
1081 855 1202 912 uambae

182 947 248 1006 diui
264 945 390 1003 Italiam
410 949 505 1018 petere
523 949 550 1003 et
566 949 661 1003 terres
679 946 818 1016 temptare
836 947 981 1016 repostas:
1003 943 1068 1000 sola
1084 948 1255 1000 aouwnsoo

183 1036 321 1107 dictuque
346 1036 432 1108 nefas
458 1035 586 1109 harpyia
611 1032 734 1091 Oetaeae
757 1032 930 1107 modulare
957 1034 1037 1090 canit
1063 1035 1090 1090 et
1111 1033 1202 1090 tristis

183 1125 340 1183 dauwuiat
365 1124 429 1181 aas
455 1123 661 1195 obscenamque
688 1123 811 1195 famem:
844 1138 918 1193 qaae
939 1123 1043 1194 prima
1067 1121 1202 1193 pericula

183 1213 264 1272 utto?
295 1210 434 1289 prodigia
452 1211 592 1270 dicuntur
606 1211 714 1286 quibus
729 1210 945 1269 denuntiantur
963 1210 1096 1268 adversa.
1127 1208 1203 1266 dixit

138 1324 168 1362 ιο
185 1320 258 1379 ergo
286 1303 382 1360 metus
405 1302 453 1361 sui
475 1318 609 1374 causam,
634 1300 741 1358 dehinc
763 1299 926 1358 remedium
949 1301 1046 1374 poscit
1069 1303 1127 1374 quo
1152 1296 1202 1355 ad·

185 1408 275 1451 versa
302 1391 403 1450 omnia
428 1389 557 1449 tolerare
583 1390 685 1466 posset
713 1391 765 1447 aut
794 1389 903 1467 lugere.
948 1387 1059 1447 idcirco
1087 1386 1204 1446 addidit

184 1478 292 1553 quidve
313 1496 435 1552 sequeus
457 1482 553 1537 matos
569 1480 684 1552 possim
706 1495 847 1551 superare
869 1478 1002 1537 labores?

253 1567 315 1626 Hic
340 1568 472 1627 Helenus
499 1569 592 1627 caesis
613 1558 748 1641 p'rr'muru
775 1567 811 1625 de
836 1584 916 1625 more
942 1567 1072 1625 iuaeucr's
1096 1568 1256 1623 eaoratuo

179 1674 288 1731 pacem
320 1656 593 1729 accumulatque
624 1656 742 1715 resolui
772 1658 882 1716 sacrati
913 1657 1034 1729 capit:
1071 1654 1202 1713 Helenus

139 1769 169 1809 rs
185 1746 263 1809 nihil
286 1746 405 1805 Aeneae
432 1746 600 1821 postulanti
626 1743 794 1821 respondit,
819 1746 855 1803 ut
878 1745 1027 1803 facturum
1050 1762 1113 1803 sese
1135 1762 1202 1819 pro·

185 1836 321 1893 mitteret
348 1837 402 1893 aut
429 1836 553 1911 negaret
580 1827 678 1914 (fieret
705 1835 783 1892 enim
807 1852 892 1894 mora
915 1852 1057 1909 suspenso
1081 1835 1111 1891 et
1132 1851 1203 1891 ven·

185 1928 287 1983 tonum
310 1924 460 1999 prosperis
483 1915 629 2003 flatibus),
657 1922 722 1996 sed,
752 1924 832 1998 quod
854 1924 954 1981 fuerat
975 1923 1095 1996 melius,
1124 1922 1204 1996 quod

186 2031 247 2072 non
269 2014 449 2089 promiserat
470 2012 569 2070 verbis
589 2012 795 2087 conpletmum
814 2031 844 2071 se
863 2013 952 2072 factis
970 2010 1203 2071 evidentioribus

186 2101 413 2161 demonstrabat
443 2105 547 2160 tenens
579 2101 713 2161 ordinem
749 2104 825 2160 ritus
861 2102 916 2161 sui.
967 2101 1097 2176 primum
1133 2118 1203 2177 ergo

141 2212 171 2254 ao
186 2209 342 2251 caesorum
372 2192 565 2250 iuvencomm
597 2190 740 2267 sangiune
773 2191 907 2251 favorem
939 2189 1060 2248 deorum
1093 2189 1204 2247 futuris

185 2279 338 2356 responsis
365 2282 396 2338 et
423 2280 575 2338 desideriis
603 2279 796 2353 conciliabat,
829 2283 862 2338 ut
893 2298 947 2354 per
974 2296 1125 2337 sacrorum
1153 2276 1204 2335 ob-

186 2370 292 2445 sequia
324 2368 363 2426 ad
394 2386 496 2427 veram
528 2372 628 2445 posset
659 2369 829 2426 futurorum
858 2369 1014 2427 scientiam
1041 2367 1204 2442 pervenire,

187 2461 282 2517 vittas
305 2460 405 2519 autem
427 2458 551 2517 resolvit
573 2457 684 2516 sacrati
707 2457 824 2533 capitis
843 2460 876 2515 ut
897 2456 1018 2532 plenum
1038 2454 1205 2515 ostenderet

187 2547 322 2606 officium
345 2545 512 2605 sacerdotii.
557 2546 629 2606 fecit
652 2546 730 2606 solvi
752 2548 858 2619 vittae,
885 2549 920 2603 ut
943 2545 1105 2621 penderent
1129 2564 1204 2620 quae

141 2658 171 2700 as
188 2638 310 2695 fuerant
332 2653 432 2695 nexae.
477 2653 577 2708 meque
599 2637 640 2694 ad
662 2641 714 2694 tua
737 2637 854 2704 limiae,
876 2636 1001 2702 Phoebe,
1029 2636 1091 2707 ipse
1113 2652 1205 2693 mauu

187 2726 280 2784 mutto
293 2742 467 2797 suspensum
479 2726 600 2783 auratac
613 2726 707 2784 daur:
725 2744 787 2783 rem
804 2728 919 2802 gestam
938 2742 1005 2782 cum
1025 2723 1206 2799 apostropha

187 2816 364 2891 prosecutus
388 2816 446 2872 est:
478 2815 555 2889 ipse,
578 2815 690 2888 inquit,
714 2814 844 2873 Helenus
872 2832 919 2871 me
947 2813 1078 2872 retinens
1105 2832 1205 2887 manu,

189 2903 271 2979 quod
294 2904 353 2960 fuit
377 2905 512 2977 apertum
534 2901 753 2962 benivolentiae
777 2905 904 2980 signum,
933 2902 971 2962 ad
994 2905 1056 2977 tua,
1079 2901 1205 2975 Phoebe,

188 2992 306 3067 templa
324 2990 462 3066 perduxit
480 3010 662 3066 suspensum.
703 2992 782 3068 quod
804 2994 906 3067 posuit
928 2994 1057 3067 numine,
1075 2986 1129 3050 ¹aut
1151 3012 1205 3049 nu·

142 3105 174 3144 eo
189 3082 281 3140 minis
304 3082 495 3139 veneratione
519 3081 674 3139 turbatum
698 3084 751 3140 aut
773 3082 842 3139 inde
866 3100 1054 3155 suspensum,
1077 3100 1114 3137 ne
1138 3097 1205 3138 con-

188 3172 287 3229 traria
319 3188 411 3245 quam
443 3169 568 3245 optabat
600 3170 725 3229 audiret.
777 3174 862 3243 atquc
893 3172 963 3228 baec
994 3170 1096 3229 danda
1128 3171 1207 3226 cauit

264 3362 279 3408 7
304 3357 459 3425 dictumque
482 3357 511 3410 L.
542 3358 546 3425 Ι
581 3359 700 3427 arpypia
723 3358 831 3411 cocleae
853 3356 913 3409 th.
1012 3362 1027 3408 8
1053 3356 1156 3421 fatuam
1181 3356 1206 3408 R

190 3446 260 3483 corr.
281 3446 302 3481 r.
382 3432 415 3479 10
434 3430 506 3496 quod
524 3427 577 3481 th
595 3445 648 3497 quo
666 3446 680 3480 r
699 3428 742 3482 ed.
821 3434 852 3481 11
873 3428 964 3497 sepire
982 3427 1042 3479 th.
1123 3432 1155 3478 15
1175 3434 1207 3480 ut

189 3503 332 3567 sectarum
350 3498 403 3552 LR
420 3506 452 3553 ut
471 3515 524 3553 om.
540 3500 588 3552 edI
606 3501 780 3566 facturumue
799 3500 864 3552 edF.
973 3504 1005 3551 16
1025 3504 1049 3551 et
1067 3502 1207 3552 beatorum

190 3570 244 3624 LR
263 3570 306 3625 ed.
326 3587 360 3624 ea
377 3589 401 3625 a.
421 3588 442 3623 r.
534 3566 566 3624 17
586 3573 682 3625 caelius
701 3587 753 3624 om.
773 3571 798 3622 lt
817 3570 880 3623 add.
901 3588 921 3622 r.
1013 3574 1048 3622 24
1062 3570 1208 3637 perderent

190 3643 216 3695 R
236 3658 306 3696 corr.
325 3659 346 3696 r.
433 3648 466 3695 26
485 3660 539 3696 rem
559 3642 610 3694 LR
628 3660 702 3711 spem
720 3642 787 3696 edF.
874 3647 908 3697 ’11
929 3641 1227 3698 uocatae—nouatum

190 3716 226 3767 ut
244 3729 328 3779 saepe
343 3712 401 3765 LE,
475 3719 511 3765 30
527 3722 580 3769 aut
595 3715 650 3770 ΕΒ
669 3715 714 3773 ed.
735 3718 780 3773 att
799 3724 869 3775 aut‘?
