2734 4159
161 326 229 392 566
285 339 287 343 ’
444 324 584 380 DONATI
601 324 772 380 INTERPR.
790 324 898 379 Vultu.

161 496 247 556 donis
271 495 420 569 meritum,
444 514 520 570 quae
544 494 630 553 illum
653 494 702 554 vel
724 493 913 553 humanitate
936 494 1112 554 confoverat
1136 495 1185 554 vel

161 587 317 645 amaverat
330 587 487 661 ipsumque
502 602 569 642 cunr
584 585 645 643 suis
660 585 816 659 exceperat
834 584 997 661 naufragos
1016 585 1047 641 et
1066 586 1185 661 egentis

160 674 331 751 collegerat.
376 672 486 749 incipit
513 691 584 750 ergo
613 672 670 731 sic:
696 672 802 731 infelix
829 670 922 746 Dido,
950 674 985 730 ut
1012 671 1185 734 ostenderet

160 765 223 822 eius
247 762 448 822 miserabilem
472 780 573 821 casum
597 779 628 820 se
652 760 785 839 graviter
802 761 889 835 ferre,
911 763 947 819 ut
965 761 1098 821 lacrimis
1118 761 1184 822 eius

159 854 251 911 etiam
275 851 366 911 verba
388 852 595 929 congruerent,
618 851 789 927 protestans
812 850 907 910 oculis
931 851 1076 926 quantum
1098 849 1184 911 dolo·
1212 871 1223 913 a

159 960 222 1001 rem
246 940 381 1000 sensibus
404 940 496 999 ferret
518 942 549 998 et
571 958 644 999 voce
667 938 803 999 indicans
826 937 907 1014 quod
929 940 1037 999 mentis
1061 940 1185 999 interna

159 1029 296 1090 vexabat.
342 1031 374 1087 in
401 1030 457 1088 hoc
485 1028 565 1088 dicto
593 1047 654 1087 non
680 1030 801 1087 tantum
829 1028 946 1087 animus
975 1028 1105 1087 dolentis
1134 1048 1185 1087 ex·

159 1125 279 1195 pressus
303 1122 349 1177 est
371 1138 475 1176 verum
499 1119 591 1177 etiam
613 1136 668 1193 per
696 1118 938 1178 extenuationem
964 1117 1039 1177 facti
1062 1117 1186 1177 adiecta

159 1207 314 1286 purgatio3
341 1207 442 1266 nullus
466 1207 546 1265 enim
569 1206 721 1265 infelicem
744 1224 926 1282 quemquam
949 1205 1023 1265 dicit
1045 1208 1107 1265 nisi
1130 1206 1184 1266 do·

159 1297 223 1356 lens
255 1297 414 1372 nullusque
447 1296 551 1354 infelix
588 1298 633 1354 est
669 1295 730 1353 nisi
766 1296 819 1371 qui
854 1295 991 1355 fataliter
1021 1296 1183 1371 premitur.
1198 1317 1223 1359 ro

159 1384 287 1462 denique
320 1386 376 1444 hoc
403 1385 469 1443 vult
503 1384 652 1458 adserere,
690 1384 738 1442 illi
770 1384 891 1460 quidem
923 1384 1056 1443 debitum
1085 1386 1183 1445 fuisse

159 1492 252 1553 genus
280 1476 386 1533 mortis
413 1476 529 1533 ratione
560 1485 591 1531 et
613 1475 792 1533 necessitate
818 1476 1010 1550 propriorum
1037 1474 1182 1548 fatorum,

159 1563 211 1623 sed
233 1565 290 1623 hoc
311 1564 408 1641 magis
432 1562 540 1637 dolere,
564 1561 644 1638 quod
667 1562 732 1638 ipse
755 1563 844 1621 huius
868 1563 922 1621 leti
946 1581 1036 1623 causa
1056 1566 1183 1638 putetur

159 1653 301 1713 extitisse.
334 1670 421 1712 verus
439 1651 656 1711 mihinuntius
675 1670 746 1728 ergo
765 1654 888 1711 venerat
907 1654 1070 1711 extinctam
1087 1652 1182 1712 ferro-

160 1761 218 1817 que
241 1744 373 1801 extrema
396 1743 544 1800 secutam:
571 1741 674 1820 feralis
696 1741 754 1800 iste
777 1740 900 1799 nuntius
923 1743 1111 1817 pervenerat,
1135 1743 1182 1800 in·
1198 1762 1224 1805 rs

160 1833 238 1907 quit,
269 1831 308 1890 ad
331 1832 487 1890 seientiam
509 1849 619 1903 meam,
649 1829 729 1905 quod
757 1828 908 1889 doloribus
937 1832 999 1889 tuis
1023 1830 1182 1891 abscessus

158 1922 219 1979 mei
241 1938 331 1979 causa
355 1922 500 1995 susceptis
519 1922 651 1979 extremo
669 1918 801 1977 remedio
817 1918 1016 1992 subvenisses,
1040 1918 1182 1979 dolebam

158 2007 248 2068 finem
270 2012 351 2069 vitae
375 2013 445 2069 tuae
464 2012 494 2067 et
513 2027 619 2087 genere
637 2008 703 2084 ipso
723 2008 828 2066 mortis
847 2008 1038 2067 vehementer
1058 2008 1183 2086 agebar.

158 2095 291 2173 [suauis
317 2100 374 2158 teu
400 2100 453 2158 tibi
480 2115 571 2158 causa
598 2094 677 2171 sca]
700 2095 860 2156 accedebat
890 2096 929 2155 ad
955 2097 1054 2156 luctus
1084 2098 1184 2157 enimi

94 2256 97 2260 ,
159 2190 219 2247 mei
242 2189 321 2264 quod
344 2187 474 2246 sciebam
495 2187 553 2246 tibi
577 2187 614 2245 ob
638 2185 806 2244 abscessum
829 2204 930 2244 meum
957 2186 1051 2244 talem
1076 2187 1183 2261 placu-
1200 2208 1226 2251 ro

158 2277 216 2335 isse
240 2278 428 2335 sententiam.
475 2277 648 2353 purgationi
674 2275 746 2353 ipsi,
777 2292 854 2350 quae
882 2274 919 2333 ab
947 2275 1067 2334 homine
1096 2276 1181 2351 apud

158 2365 307 2424 Didonem
330 2364 443 2439 perfido
466 2364 681 2439 proferebatur,
705 2365 782 2422 miro
805 2382 912 2441 genere
937 2363 1059 2423 adhibet
1078 2363 1183 2424 firma-

158 2456 305 2512 mentum:
323 2470 380 2525 per
398 2452 497 2512 sidero
514 2456 590 2522 iuro,
603 2472 660 2526 per
678 2470 800 2526 superos
819 2457 845 2511 ct
862 2456 889 2512 sc'
907 2470 966 2526 quo
984 2453 1058 2525 fides
1076 2453 1184 2515 tellure

159 2544 213 2602 sub
237 2545 298 2601 ima
317 2546 372 2601 est:
399 2542 471 2617 quia
494 2545 585 2601 testes
610 2544 704 2601 animi
727 2542 783 2615 sui,
806 2542 855 2601 vel
877 2544 1006 2601 maxime
1029 2542 1110 2618 apud
1134 2545 1182 2603 in·

160 2632 238 2690 feros
267 2631 389 2709 degens,
426 2631 534 2690 habere
567 2650 627 2690 non
659 2631 772 2707 potuit,
810 2630 848 2689 ad
879 2630 1088 2690 iusiurandum
1116 2651 1183 2693 sese
1198 2654 1223 2696 aa

158 2721 321 2794 convertit,
345 2738 404 2795 quo
427 2720 585 2778 firmantur
612 2739 688 2796 quae
717 2720 868 2796 aliquibus
896 2721 1081 2779 documentis
1110 2721 1183 2781 defi·

158 2810 306 2869 cientibus
329 2808 452 2884 probari
474 2828 534 2868 non
556 2810 691 2885 possunt.
736 2810 850 2868 iuravit
872 2829 925 2886 per
948 2808 1045 2868 sidera
1067 2829 1182 2887 perque

158 2917 281 2974 superos
297 2916 356 2974 quo
370 2917 502 2957 remeare
517 2899 658 2973 cupiebat
659 2943 1182 2960 ...............................

233 3072 246 3119 1
266 3067 465 3121 bmuouitctcm
484 3068 643 3133 confoderat
661 3067 687 3118 V
705 3083 772 3120 corr.
794 3068 837 3121 ed.
943 3075 958 3121 2
978 3070 1138 3135 coafractus
1157 3070 1182 3120 V

157 3139 310 3207 ouusropie
328 3141 487 3207 (transpos.)
507 3139 549 3191 ed.
615 3144 647 3191 14
665 3155 728 3209 erpo
746 3141 811 3207 post
825 3156 905 3193 uerus
918 3142 1057 3208 transpos.
1068 3139 1124 3194 ΗΟ
1136 3142 1180 3195 ed.

215 3214 247 3261 17
266 3217 406 3278 acceptes
424 3210 456 3262 V.
538 3214 571 3263 18
591 3210 691 3278 apebar
709 3209 734 3263 V
758 3210 803 3278 (cf.
823 3229 847 3263 v.
864 3214 927 3279 382)
946 3212 1067 3281 cupetur
1085 3212 1129 3265 ed.

161 3285 193 3333 19
212 3282 364 3345 fcuerie-
374 3282 421 3347 sci
438 3281 518 3334 deest
536 3280 566 3333 in
584 3280 618 3346 V,
637 3280 688 3333 sed
707 3281 871 3350 explicatur.
960 3287 994 3336 20
1013 3284 1045 3336 ob
1064 3299 1119 3337 om.
1136 3285 1179 3339 ed.

214 3357 318 3404 20-21
334 3354 388 3406 tole
397 3352 537 3421 placuisse
550 3352 713 3405 senteutiam
723 3355 901 3423 promotionis
915 3356 971 3423 ipsi
983 3353 1008 3407 V
1023 3355 1181 3424 emendavi,

158 3424 264 3477 temere
283 3424 351 3476 mut.
368 3423 410 3478 ed.
503 3429 535 3475 22
556 3423 625 3476 miro
643 3422 669 3475 V
688 3430 713 3476 et
731 3442 764 3476 m.
785 3423 828 3479 ed.
916 3430 951 3479 28
969 3427 1036 3494 post
1053 3427 1183 3494 cupiebat

158 3494 243 3547 unius
267 3509 361 3547 versus
385 3494 508 3563 spatium
531 3494 614 3546 vacat
637 3510 701 3546 cum
724 3495 850 3565 vestigiis
874 3496 1032 3566 scripturae
1054 3499 1084 3551 et
1101 3513 1182 3551 rasu-

159 3582 220 3621 rae:
248 3567 365 3636 propter
387 3566 530 3634 eademque
553 3565 714 3633 loquebatur
732 3581 841 3620 versum
861 3573 912 3622 363
932 3568 1073 3622 adscitum
1092 3569 1181 3623 fuisse

157 3638 288 3762 spepicor
315 3637 355 3691 sic
378 3637 449 3692 fere:
483 3635 657 3691 aPalinuro
682 3636 822 3691 didicerat
845 3638 920 3708 quod
944 3639 985 3693 sic
1008 3640 1101 3693 iurare
1125 3642 1180 3695 etc.

145 3727 185 3765 c.
210 3716 271 3766 697.
