<?xml version="1.0" encoding="UTF-8"?>
<!DOCTYPE html PUBLIC "-//W3C//DTD XHTML 1.0 Transitional//EN"
    "http://www.w3.org/TR/xhtml1/DTD/xhtml1-transitional.dtd">
<html xmlns="http://www.w3.org/1999/xhtml" xml:lang="en" lang="en">
 <head>
  <title>
</title>
<meta http-equiv="Content-Type" content="text/html;charset=utf-8" />
  <meta name='ocr-system' content='tesseract 3.04.00' />
  <meta name='ocr-capabilities' content='ocr_page ocr_carea ocr_par ocr_line ocrx_word'/>
</head>
<body>
  <div class='ocr_page' id='page_1' title='image "./tibericlaudidon02georgoog_0136.png"; bbox 0 0 2734 4159; ppageno 0'>
   <div class='ocr_carea' id='block_1_1' title="bbox 434 333 1163 400">
    <p class='ocr_par' dir='ltr' id='par_1_1' title="bbox 434 333 1163 400">
     <span class='ocr_line' id='line_1_1' title="bbox 434 333 1163 400; baseline 0.003 -12"><span class='ocrx_word' id='word_1_1' title='bbox 434 370 438 375; x_wconf 92' lang='lat'>-</span> <span class='ocrx_word' id='word_1_2' title='bbox 546 335 730 390; x_wconf 82' lang='lat' dir='ltr'>AENEIDOS</span> <span class='ocrx_word' id='word_1_3' title='bbox 748 336 761 390; x_wconf 91' lang='lat' dir='ltr'>I</span> <span class='ocrx_word' id='word_1_4' title='bbox 960 352 964 359; x_wconf 84' lang='lat'><strong>·</strong></span> <span class='ocrx_word' id='word_1_5' title='bbox 1120 333 1163 400; x_wconf 74' lang='grc'>87</span> 
     </span>
    </p>
   </div>
   <div class='ocr_carea' id='block_1_2' title="bbox 144 504 1214 3165">
    <p class='ocr_par' dir='ltr' id='par_1_2' title="bbox 147 504 1165 940">
     <span class='ocr_line' id='line_1_2' title="bbox 148 504 1163 581; baseline 0.001 -19"><span class='ocrx_word' id='word_1_6' title='bbox 148 504 238 562; x_wconf 89' lang='lat' dir='ltr'>securi</span> <span class='ocrx_word' id='word_1_7' title='bbox 267 504 414 580; x_wconf 54' lang='lat' dir='ltr'>volitants</span> <span class='ocrx_word' id='word_1_8' title='bbox 441 506 496 578; x_wconf 84' lang='lat' dir='ltr'>sic,</span> <span class='ocrx_word' id='word_1_9' title='bbox 524 504 636 581; x_wconf 82' lang='lat' dir='ltr'>inquit,</span> <span class='ocrx_word' id='word_1_10' title='bbox 665 508 696 563; x_wconf 87' lang='lat' dir='ltr'>et</span> <span class='ocrx_word' id='word_1_11' title='bbox 723 524 813 564; x_wconf 85' lang='lat' dir='ltr'>naves</span> <span class='ocrx_word' id='word_1_12' title='bbox 841 508 911 565; x_wconf 87' lang='lat' dir='ltr'>tuae</span> <span class='ocrx_word' id='word_1_13' title='bbox 939 508 969 565; x_wconf 89' lang='lat' dir='ltr'>et</span> <span class='ocrx_word' id='word_1_14' title='bbox 992 524 1093 566; x_wconf 90' lang='lat' dir='ltr'>omnes</span> <span class='ocrx_word' id='word_1_15' title='bbox 1116 506 1163 563; x_wconf 90' lang='lat' dir='ltr'>tui</span> 
     </span>
     <span class='ocr_line' id='line_1_3' title="bbox 148 592 1165 670; baseline 0.002 -19"><span class='ocrx_word' id='word_1_16' title='bbox 148 594 241 651; x_wconf 87' lang='lat' dir='ltr'>securi</span> <span class='ocrx_word' id='word_1_17' title='bbox 271 592 384 670; x_wconf 81' lang='lat' dir='ltr'>degunt</span> <span class='ocrx_word' id='word_1_18' title='bbox 412 612 446 652; x_wconf 88' lang='lat' dir='ltr'>ac</span> <span class='ocrx_word' id='word_1_19' title='bbox 474 596 534 652; x_wconf 87' lang='lat' dir='ltr'>tuti</span> <span class='ocrx_word' id='word_1_20' title='bbox 561 596 639 653; x_wconf 88' lang='lat' dir='ltr'>sunt.</span> <span class='ocrx_word' id='word_1_21' title='bbox 680 611 771 667; x_wconf 68' lang='lat' dir='ltr'>perpe</span> <span class='ocrx_word' id='word_1_22' title='bbox 797 595 881 653; x_wconf 86' lang='lat' dir='ltr'>modo</span> <span class='ocrx_word' id='word_1_23' title='bbox 905 599 931 653; x_wconf 79' lang='lat' dir='ltr'>et</span> <span class='ocrx_word' id='word_1_24' title='bbox 953 613 1012 667; x_wconf 79' lang='lat' dir='ltr'>qao</span> <span class='ocrx_word' id='word_1_25' title='bbox 1035 600 1061 653; x_wconf 82' lang='lat' dir='ltr'>te</span> <span class='ocrx_word' id='word_1_26' title='bbox 1083 595 1165 655; x_wconf 77' lang='lat' dir='ltr'>ducit</span> 
     </span>
     <span class='ocr_line' id='line_1_4' title="bbox 147 683 1162 760; baseline 0.002 -19"><span class='ocrx_word' id='word_1_27' title='bbox 147 685 193 741; x_wconf 82' lang='lat' dir='ltr'>vio</span> <span class='ocrx_word' id='word_1_28' title='bbox 221 683 315 755; x_wconf 63' lang='lat' dir='ltr'>dirae</span> <span class='ocrx_word' id='word_1_29' title='bbox 339 701 486 756; x_wconf 66' lang='lat' dir='ltr'>pressum:</span> <span class='ocrx_word' id='word_1_30' title='bbox 517 686 620 759; x_wconf 86' lang='lat' dir='ltr'>posset</span> <span class='ocrx_word' id='word_1_31' title='bbox 646 683 763 742; x_wconf 77' lang='lat' dir='ltr'><strong>Aeneas</strong></span> <span class='ocrx_word' id='word_1_32' title='bbox 791 684 889 743; x_wconf 89' lang='lat' dir='ltr'>dicere</span> <span class='ocrx_word' id='word_1_33' title='bbox 916 704 976 743; x_wconf 90' lang='lat' dir='ltr'>non</span> <span class='ocrx_word' id='word_1_34' title='bbox 1005 684 1074 742; x_wconf 80' lang='lat' dir='ltr'>novi</span> <span class='ocrx_word' id='word_1_35' title='bbox 1103 703 1162 760; x_wconf 92' lang='lat' dir='ltr'>quo</span> 
     </span>
     <span class='ocr_line' id='line_1_5' title="bbox 147 771 1162 849; baseline 0.003 -20"><span class='ocrx_word' id='word_1_36' title='bbox 147 790 218 846; x_wconf 85' lang='lat' dir='ltr'>eam,</span> <span class='ocrx_word' id='word_1_37' title='bbox 241 771 298 829; x_wconf 89' lang='lat' dir='ltr'>hoc</span> <span class='ocrx_word' id='word_1_38' title='bbox 321 772 375 830; x_wconf 90' lang='lat' dir='ltr'>illa</span> <span class='ocrx_word' id='word_1_39' title='bbox 398 774 566 848; x_wconf 77' lang='lat' dir='ltr'>praeripuit</span> <span class='ocrx_word' id='word_1_40' title='bbox 589 772 713 831; x_wconf 92' lang='lat' dir='ltr'>dicendo</span> <span class='ocrx_word' id='word_1_41' title='bbox 737 774 787 831; x_wconf 88' lang='lat' dir='ltr'>via</span> <span class='ocrx_word' id='word_1_42' title='bbox 809 772 867 831; x_wconf 87' lang='lat' dir='ltr'>tibi</span> <span class='ocrx_word' id='word_1_43' title='bbox 894 772 1074 832; x_wconf 77' lang='lat' dir='ltr'><strong>monstrabit</strong></span> <span class='ocrx_word' id='word_1_44' title='bbox 1101 793 1162 849; x_wconf 91' lang='lat' dir='ltr'>quo</span> 
     </span>
     <span class='ocr_line' id='line_1_6' title="bbox 147 861 728 940; baseline 0.005 -22"><span class='ocrx_word' id='word_1_45' title='bbox 147 879 193 919; x_wconf 90' lang='lat' dir='ltr'>eas</span> <span class='ocrx_word' id='word_1_46' title='bbox 217 864 248 919; x_wconf 88' lang='lat' dir='ltr'>et</span> <span class='ocrx_word' id='word_1_47' title='bbox 272 879 330 935; x_wconf 92' lang='lat' dir='ltr'>quo</span> <span class='ocrx_word' id='word_1_48' title='bbox 353 861 459 920; x_wconf 87' lang='lat' dir='ltr'>tendas</span> <span class='ocrx_word' id='word_1_49' title='bbox 481 880 599 940; x_wconf 83' lang='lat' dir='ltr'>gressus</span> <span class='ocrx_word' id='word_1_50' title='bbox 621 864 699 921; x_wconf 89' lang='lat' dir='ltr'>tuos.</span> <span class='ocrx_word' id='word_1_51' title='bbox 725 893 728 898; x_wconf 91' lang='lat'><em>·</em></span> 
     </span>
    </p>

    <p class='ocr_par' dir='ltr' id='par_1_3' title="bbox 144 950 1214 3165">
     <span class='ocr_line' id='line_1_7' title="bbox 209 950 1162 1023; baseline 0.003 -17"><span class='ocrx_word' id='word_1_52' title='bbox 209 950 298 1007; x_wconf 75' lang='lat' dir='ltr'>Diod</span> <span class='ocrx_word' id='word_1_53' title='bbox 329 955 355 1008; x_wconf 79' lang='lat' dir='ltr'>et</span> <span class='ocrx_word' id='word_1_54' title='bbox 386 955 519 1009; x_wconf 69' lang='lat' dir='ltr'>avolsas</span> <span class='ocrx_word' id='word_1_55' title='bbox 550 968 634 1009; x_wconf 84' lang='lat' dir='ltr'>rosea</span> <span class='ocrx_word' id='word_1_56' title='bbox 665 954 773 1010; x_wconf 62' lang='lat' dir='ltr'>cereae</span> <span class='ocrx_word' id='word_1_57' title='bbox 800 952 917 1023; x_wconf 78' lang='lat' dir='ltr'>refulsit</span> <span class='ocrx_word' id='word_1_58' title='bbox 943 952 1162 1023; x_wconf 77' lang='lat' dir='ltr'><strong><em>ambrosiaeque</em></strong></span> 
     </span>
     <span class='ocr_line' id='line_1_8' title="bbox 146 1040 1161 1113; baseline 0.002 -16"><span class='ocrx_word' id='word_1_59' title='bbox 146 1056 240 1097; x_wconf 73' lang='lat' dir='ltr'>amoc</span> <span class='ocrx_word' id='word_1_60' title='bbox 267 1040 400 1097; x_wconf 67' lang='lat' dir='ltr'>dianam</span> <span class='ocrx_word' id='word_1_61' title='bbox 427 1043 531 1099; x_wconf 78' lang='lat' dir='ltr'>ocrltoe</span> <span class='ocrx_word' id='word_1_62' title='bbox 558 1042 676 1098; x_wconf 81' lang='lat' dir='ltr'>odorem</span> <span class='ocrx_word' id='word_1_63' title='bbox 702 1042 864 1113; x_wconf 73' lang='lat' dir='ltr'><em>spiravere,</em></span> <span class='ocrx_word' id='word_1_64' title='bbox 887 1041 978 1112; x_wconf 77' lang='lat' dir='ltr'>pedes</span> <span class='ocrx_word' id='word_1_65' title='bbox 1005 1042 1091 1099; x_wconf 79' lang='lat' dir='ltr'>vestis</span> <span class='ocrx_word' id='word_1_66' title='bbox 1114 1041 1161 1099; x_wconf 85' lang='lat' dir='ltr'>de·</span> 
     </span>
     <span class='ocr_line' id='line_1_9' title="bbox 145 1129 1214 1202; baseline -0.002 -15"><span class='ocrx_word' id='word_1_67' title='bbox 145 1129 229 1199; x_wconf 71' lang='lat' dir='ltr'>fluuit</span> <span class='ocrx_word' id='word_1_68' title='bbox 251 1130 292 1186; x_wconf 90' lang='lat' dir='ltr'>od</span> <span class='ocrx_word' id='word_1_69' title='bbox 314 1132 388 1187; x_wconf 74' lang='lat' dir='ltr'>tereos</span> <span class='ocrx_word' id='word_1_70' title='bbox 411 1133 438 1186; x_wconf 79' lang='lat' dir='ltr'>et</span> <span class='ocrx_word' id='word_1_71' title='bbox 459 1148 529 1188; x_wconf 83' lang='lat' dir='ltr'>cero</span> <span class='ocrx_word' id='word_1_72' title='bbox 551 1132 666 1188; x_wconf 75' lang='lat' dir='ltr'>incessu</span> <span class='ocrx_word' id='word_1_73' title='bbox 684 1132 785 1202; x_wconf 71' lang='lat' dir='ltr'>palad</span> <span class='ocrx_word' id='word_1_74' title='bbox 807 1131 876 1188; x_wconf 70' lang='lat' dir='ltr'>eleo:</span> <span class='ocrx_word' id='word_1_75' title='bbox 899 1132 1015 1188; x_wconf 86' lang='lat' dir='ltr'>remota</span> <span class='ocrx_word' id='word_1_76' title='bbox 1033 1129 1214 1187; x_wconf 80' lang='lat' dir='ltr'>Aenea0405</span> 
     </span>
     <span class='ocr_line' id='line_1_10' title="bbox 146 1217 1162 1294; baseline 0.001 -19"><span class='ocrx_word' id='word_1_77' title='bbox 146 1219 312 1293; x_wconf 82' lang='lat' dir='ltr'>suspicione</span> <span class='ocrx_word' id='word_1_78' title='bbox 343 1237 444 1276; x_wconf 86' lang='lat' dir='ltr'>veram</span> <span class='ocrx_word' id='word_1_79' title='bbox 475 1219 632 1277; x_wconf 73' lang='lat' dir='ltr'>constituit</span> <span class='ocrx_word' id='word_1_80' title='bbox 660 1217 759 1293; x_wconf 89' lang='lat' dir='ltr'>deam,</span> <span class='ocrx_word' id='word_1_81' title='bbox 788 1219 933 1294; x_wconf 77' lang='lat' dir='ltr'>conpletis</span> <span class='ocrx_word' id='word_1_82' title='bbox 961 1236 1038 1294; x_wconf 91' lang='lat' dir='ltr'>qnae</span> <span class='ocrx_word' id='word_1_83' title='bbox 1065 1218 1162 1276; x_wconf 84' lang='lat' dir='ltr'>voluit</span> 
     </span>
     <span class='ocr_line' id='line_1_11' title="bbox 146 1306 1161 1382; baseline 0.001 -18"><span class='ocrx_word' id='word_1_84' title='bbox 146 1306 259 1365; x_wconf 83' lang='lat' dir='ltr'>dimisit</span> <span class='ocrx_word' id='word_1_85' title='bbox 286 1307 413 1380; x_wconf 86' lang='lat' dir='ltr'>laetum,</span> <span class='ocrx_word' id='word_1_86' title='bbox 443 1307 559 1367; x_wconf 86' lang='lat' dir='ltr'>dimisit</span> <span class='ocrx_word' id='word_1_87' title='bbox 584 1308 765 1366; x_wconf 88' lang='lat' dir='ltr'>instructum</span> <span class='ocrx_word' id='word_1_88' title='bbox 794 1312 824 1367; x_wconf 86' lang='lat' dir='ltr'>et</span> <span class='ocrx_word' id='word_1_89' title='bbox 852 1307 990 1367; x_wconf 88' lang='lat' dir='ltr'>recedens</span> <span class='ocrx_word' id='word_1_90' title='bbox 1022 1307 1161 1382; x_wconf 86' lang='lat' dir='ltr'>plurimis</span> 
     </span>
     <span class='ocr_line' id='line_1_12' title="bbox 146 1396 1162 1473; baseline 0.001 -21"><span class='ocrx_word' id='word_1_91' title='bbox 146 1396 236 1472; x_wconf 87' lang='lat' dir='ltr'>signis</span> <span class='ocrx_word' id='word_1_92' title='bbox 260 1396 441 1455; x_wconf 85' lang='lat' dir='ltr'>monstravit</span> <span class='ocrx_word' id='word_1_93' title='bbox 463 1396 525 1455; x_wconf 90' lang='lat' dir='ltr'>filio</span> <span class='ocrx_word' id='word_1_94' title='bbox 547 1414 623 1472; x_wconf 88' lang='lat' dir='ltr'>quae</span> <span class='ocrx_word' id='word_1_95' title='bbox 642 1400 728 1471; x_wconf 85' lang='lat' dir='ltr'>esset,</span> <span class='ocrx_word' id='word_1_96' title='bbox 746 1399 781 1455; x_wconf 85' lang='lat' dir='ltr'>nt</span> <span class='ocrx_word' id='word_1_97' title='bbox 799 1397 888 1473; x_wconf 90' lang='lat' dir='ltr'>pleno</span> <span class='ocrx_word' id='word_1_98' title='bbox 907 1399 974 1455; x_wconf 82' lang='lat' dir='ltr'>visu</span> <span class='ocrx_word' id='word_1_99' title='bbox 993 1396 1162 1456; x_wconf 78' lang='lat' dir='ltr'>adverteret</span> 
     </span>
     <span class='ocr_line' id='line_1_13' title="bbox 145 1484 1161 1565; baseline 0.001 -23"><span class='ocrx_word' id='word_1_100' title='bbox 145 1503 211 1542; x_wconf 88' lang='lat' dir='ltr'>oum</span> <span class='ocrx_word' id='word_1_101' title='bbox 240 1504 300 1559; x_wconf 87' lang='lat' dir='ltr'>qua</span> <span class='ocrx_word' id='word_1_102' title='bbox 327 1484 386 1543; x_wconf 90' lang='lat' dir='ltr'>sibi</span> <span class='ocrx_word' id='word_1_103' title='bbox 411 1486 517 1544; x_wconf 87' lang='lat' dir='ltr'>fnisset</span> <span class='ocrx_word' id='word_1_104' title='bbox 540 1486 745 1565; x_wconf 72' lang='lat' dir='ltr'>conloquium3</span> <span class='ocrx_word' id='word_1_105' title='bbox 776 1505 847 1545; x_wconf 90' lang='lat' dir='ltr'>nam</span> <span class='ocrx_word' id='word_1_106' title='bbox 871 1488 901 1544; x_wconf 91' lang='lat' dir='ltr'>et</span> <span class='ocrx_word' id='word_1_107' title='bbox 923 1486 1042 1545; x_wconf 88' lang='lat' dir='ltr'>refulsit</span> <span class='ocrx_word' id='word_1_108' title='bbox 1064 1485 1161 1560; x_wconf 91' lang='lat' dir='ltr'>splen-</span> 
     </span>
     <span class='ocr_line' id='line_1_14' title="bbox 145 1573 1161 1653; baseline 0.002 -23"><span class='ocrx_word' id='word_1_109' title='bbox 145 1573 213 1633; x_wconf 89' lang='lat' dir='ltr'>dore</span> <span class='ocrx_word' id='word_1_110' title='bbox 234 1593 293 1648; x_wconf 90' lang='lat' dir='ltr'>quo</span> <span class='ocrx_word' id='word_1_111' title='bbox 311 1574 371 1633; x_wconf 85' lang='lat' dir='ltr'>fuit</span> <span class='ocrx_word' id='word_1_112' title='bbox 389 1576 419 1633; x_wconf 88' lang='lat' dir='ltr'>et</span> <span class='ocrx_word' id='word_1_113' title='bbox 437 1575 571 1633; x_wconf 84' lang='lat' dir='ltr'>relaxata</span> <span class='ocrx_word' id='word_1_114' title='bbox 591 1577 673 1633; x_wconf 83' lang='lat' dir='ltr'>veste</span> <span class='ocrx_word' id='word_1_115' title='bbox 692 1593 786 1651; x_wconf 89' lang='lat' dir='ltr'>usque</span> <span class='ocrx_word' id='word_1_116' title='bbox 805 1575 843 1632; x_wconf 93' lang='lat' dir='ltr'>ad</span> <span class='ocrx_word' id='word_1_117' title='bbox 862 1576 990 1653; x_wconf 84' lang='lat' dir='ltr'>vestigia</span> <span class='ocrx_word' id='word_1_118' title='bbox 1007 1578 1074 1650; x_wconf 92' lang='lat' dir='ltr'>ipsa</span> <span class='ocrx_word' id='word_1_119' title='bbox 1094 1593 1161 1634; x_wconf 94' lang='lat' dir='ltr'>con-</span> 
     </span>
     <span class='ocr_line' id='line_1_15' title="bbox 144 1662 1161 1741; baseline 0.003 -21"><span class='ocrx_word' id='word_1_120' title='bbox 144 1665 223 1722; x_wconf 86' lang='lat' dir='ltr'>tecta</span> <span class='ocrx_word' id='word_1_121' title='bbox 252 1666 305 1721; x_wconf 78' lang='lat' dir='ltr'>est.</span> <span class='ocrx_word' id='word_1_122' title='bbox 351 1681 441 1738; x_wconf 86' lang='lat' dir='ltr'>supra</span> <span class='ocrx_word' id='word_1_123' title='bbox 468 1665 548 1722; x_wconf 89' lang='lat' dir='ltr'>enim</span> <span class='ocrx_word' id='word_1_124' title='bbox 576 1662 653 1721; x_wconf 84' lang='lat' dir='ltr'>dixit</span> <span class='ocrx_word' id='word_1_125' title='bbox 681 1664 781 1738; x_wconf 88' lang='lat' dir='ltr'>„nuda</span> <span class='ocrx_word' id='word_1_126' title='bbox 809 1683 887 1741; x_wconf 87' lang='lat' dir='ltr'>genu</span> <span class='ocrx_word' id='word_1_127' title='bbox 914 1665 1051 1739; x_wconf 92' lang='lat' dir='ltr'>nodoque</span> <span class='ocrx_word' id='word_1_128' title='bbox 1079 1666 1161 1723; x_wconf 91' lang='lat' dir='ltr'>sinus</span> 
     </span>
     <span class='ocr_line' id='line_1_16' title="bbox 145 1750 1161 1829; baseline 0.002 -20"><span class='ocrx_word' id='word_1_129' title='bbox 145 1753 269 1810; x_wconf 87' lang='lat' dir='ltr'>collecta</span> <span class='ocrx_word' id='word_1_130' title='bbox 287 1750 435 1812; x_wconf 83' lang='lat' dir='ltr'>fiuentis“.</span> <span class='ocrx_word' id='word_1_131' title='bbox 473 1752 612 1811; x_wconf 90' lang='lat' dir='ltr'>odoribus</span> <span class='ocrx_word' id='word_1_132' title='bbox 631 1772 751 1829; x_wconf 91' lang='lat' dir='ltr'>quoque</span> <span class='ocrx_word' id='word_1_133' title='bbox 774 1753 861 1812; x_wconf 89' lang='lat' dir='ltr'>deam</span> <span class='ocrx_word' id='word_1_134' title='bbox 885 1772 947 1813; x_wconf 90' lang='lat' dir='ltr'>sese</span> <span class='ocrx_word' id='word_1_135' title='bbox 968 1754 1161 1828; x_wconf 82' lang='lat' dir='ltr'>monstravit3</span> 
     </span>
     <span class='ocr_line' id='line_1_17' title="bbox 145 1842 1161 1919; baseline 0.002 -19"><span class='ocrx_word' id='word_1_136' title='bbox 145 1844 185 1901; x_wconf 89' lang='lat' dir='ltr'>sio</span> <span class='ocrx_word' id='word_1_137' title='bbox 210 1844 289 1900; x_wconf 92' lang='lat' dir='ltr'>enim</span> <span class='ocrx_word' id='word_1_138' title='bbox 313 1842 375 1899; x_wconf 90' lang='lat' dir='ltr'>eius</span> <span class='ocrx_word' id='word_1_139' title='bbox 400 1843 491 1900; x_wconf 90' lang='lat' dir='ltr'>comis</span> <span class='ocrx_word' id='word_1_140' title='bbox 515 1861 546 1900; x_wconf 89' lang='lat' dir='ltr'>se</span> <span class='ocrx_word' id='word_1_141' title='bbox 570 1842 743 1917; x_wconf 82' lang='lat' dir='ltr'>effuderant,</span> <span class='ocrx_word' id='word_1_142' title='bbox 762 1847 797 1901; x_wconf 86' lang='lat' dir='ltr'>ut</span> <span class='ocrx_word' id='word_1_143' title='bbox 818 1844 885 1917; x_wconf 92' lang='lat' dir='ltr'>ipsa</span> <span class='ocrx_word' id='word_1_144' title='bbox 907 1842 999 1900; x_wconf 91' lang='lat' dir='ltr'>herbe</span> <span class='ocrx_word' id='word_1_145' title='bbox 1022 1861 1161 1919; x_wconf 81' lang='lat' dir='ltr'>praesens</span> 
     </span>
     <span class='ocr_line' id='line_1_18' title="bbox 144 1930 1160 2008; baseline 0.001 -21"><span class='ocrx_word' id='word_1_146' title='bbox 144 1933 301 2005; x_wconf 88' lang='lat' dir='ltr'>putaretur</span> <span class='ocrx_word' id='word_1_147' title='bbox 329 1930 491 2006; x_wconf 88' lang='lat' dir='ltr'>ambrosia,</span> <span class='ocrx_word' id='word_1_148' title='bbox 519 1950 610 2006; x_wconf 91' lang='lat' dir='ltr'>quam</span> <span class='ocrx_word' id='word_1_149' title='bbox 637 1932 777 1990; x_wconf 89' lang='lat' dir='ltr'>mulieres</span> <span class='ocrx_word' id='word_1_150' title='bbox 805 1933 965 2008; x_wconf 88' lang='lat' dir='ltr'>unguentis</span> <span class='ocrx_word' id='word_1_151' title='bbox 989 1930 1160 1989; x_wconf 76' lang='lat' dir='ltr'>admiscent.</span> 
     </span>
     <span class='ocr_line' id='line_1_19' title="bbox 145 2020 1160 2096; baseline 0 -18"><span class='ocrx_word' id='word_1_152' title='bbox 145 2020 301 2078; x_wconf 89' lang='lat' dir='ltr'>ordinatur</span> <span class='ocrx_word' id='word_1_153' title='bbox 328 2038 431 2079; x_wconf 88' lang='lat' dir='ltr'>sensus</span> <span class='ocrx_word' id='word_1_154' title='bbox 459 2023 514 2079; x_wconf 88' lang='lat' dir='ltr'>sic:</span> <span class='ocrx_word' id='word_1_155' title='bbox 547 2020 773 2096; x_wconf 85' lang='lat' dir='ltr'>ambrosiaeque</span> <span class='ocrx_word' id='word_1_156' title='bbox 797 2021 918 2079; x_wconf 90' lang='lat' dir='ltr'>odorem</span> <span class='ocrx_word' id='word_1_157' title='bbox 941 2038 1042 2079; x_wconf 90' lang='lat' dir='ltr'>comae</span> <span class='ocrx_word' id='word_1_158' title='bbox 1067 2021 1160 2095; x_wconf 89' lang='lat' dir='ltr'>spira-</span> 
     </span>
     <span class='ocr_line' id='line_1_20' title="bbox 144 2110 1161 2184; baseline -0.001 -18"><span class='ocrx_word' id='word_1_159' title='bbox 144 2128 218 2167; x_wconf 86' lang='lat' dir='ltr'>vere.</span> <span class='ocrx_word' id='word_1_160' title='bbox 265 2110 314 2167; x_wconf 83' lang='lat' dir='ltr'>·ille</span> <span class='ocrx_word' id='word_1_161' title='bbox 336 2110 387 2167; x_wconf 77' lang='lat' dir='ltr'>abi</span> <span class='ocrx_word' id='word_1_162' title='bbox 410 2115 533 2168; x_wconf 71' lang='lat' dir='ltr'>uentrem</span> <span class='ocrx_word' id='word_1_163' title='bbox 556 2113 682 2183; x_wconf 68' lang='lat' dir='ltr'>cenavit,</span> <span class='ocrx_word' id='word_1_164' title='bbox 707 2112 760 2169; x_wconf 71' lang='lat' dir='ltr'>toll</span> <span class='ocrx_word' id='word_1_165' title='bbox 782 2112 940 2184; x_wconf 70' lang='lat' dir='ltr'>sapientem</span> <span class='ocrx_word' id='word_1_166' title='bbox 963 2113 1004 2167; x_wconf 81' lang='lat' dir='ltr'>cst</span> <span class='ocrx_word' id='word_1_167' title='bbox 1025 2125 1092 2166; x_wconf 83' lang='lat' dir='ltr'>cece</span> <span class='ocrx_word' id='word_1_168' title='bbox 1119 2125 1161 2166; x_wconf 82' lang='lat' dir='ltr'>se·</span> 
     </span>
     <span class='ocr_line' id='line_1_21' title="bbox 145 2199 1161 2258; baseline 0 -3"><span class='ocrx_word' id='word_1_169' title='bbox 145 2201 240 2256; x_wconf 80' lang='lat' dir='ltr'>catus:</span> <span class='ocrx_word' id='word_1_170' title='bbox 281 2216 348 2256; x_wconf 87' lang='lat' dir='ltr'>ecce</span> <span class='ocrx_word' id='word_1_171' title='bbox 380 2218 440 2257; x_wconf 92' lang='lat' dir='ltr'>non</span> <span class='ocrx_word' id='word_1_172' title='bbox 473 2202 592 2257; x_wconf 87' lang='lat' dir='ltr'>tantum</span> <span class='ocrx_word' id='word_1_173' title='bbox 624 2200 710 2258; x_wconf 90' lang='lat' dir='ltr'>deam</span> <span class='ocrx_word' id='word_1_174' title='bbox 746 2200 902 2258; x_wconf 83' lang='lat' dir='ltr'>constituit</span> <span class='ocrx_word' id='word_1_175' title='bbox 931 2216 1034 2257; x_wconf 78' lang='lat' dir='ltr'>verum</span> <span class='ocrx_word' id='word_1_176' title='bbox 1069 2199 1161 2255; x_wconf 87' lang='lat' dir='ltr'>etiam</span> 
     </span>
     <span class='ocr_line' id='line_1_22' title="bbox 145 2287 1189 2365; baseline 0 -20"><span class='ocrx_word' id='word_1_177' title='bbox 145 2290 283 2361; x_wconf 85' lang='lat' dir='ltr'>matrem,</span> <span class='ocrx_word' id='word_1_178' title='bbox 316 2288 367 2345; x_wconf 90' lang='lat' dir='ltr'>sed</span> <span class='ocrx_word' id='word_1_179' title='bbox 399 2307 436 2345; x_wconf 89' lang='lat' dir='ltr'>ne</span> <span class='ocrx_word' id='word_1_180' title='bbox 468 2291 655 2363; x_wconf 87' lang='lat' dir='ltr'>praesentem</span> <span class='ocrx_word' id='word_1_181' title='bbox 684 2288 799 2347; x_wconf 87' lang='lat' dir='ltr'>fraudis</span> <span class='ocrx_word' id='word_1_182' title='bbox 828 2290 979 2365; x_wconf 85' lang='lat' dir='ltr'>argueret,</span> <span class='ocrx_word' id='word_1_183' title='bbox 1011 2288 1162 2362; x_wconf 87' lang='lat' dir='ltr'>proripuit</span> <span class='ocrx_word' id='word_1_184' title='bbox 1187 2287 1189 2296; x_wconf 51' lang='lat'><em>*</em></span> 
     </span>
     <span class='ocr_line' id='line_1_23' title="bbox 145 2376 1161 2453; baseline 0.001 -20"><span class='ocrx_word' id='word_1_185' title='bbox 145 2377 247 2435; x_wconf 87' lang='lat' dir='ltr'>eadem</span> <span class='ocrx_word' id='word_1_186' title='bbox 275 2394 345 2435; x_wconf 89' lang='lat' dir='ltr'>sese.</span> <span class='ocrx_word' id='word_1_187' title='bbox 392 2378 443 2436; x_wconf 92' lang='lat' dir='ltr'>sed</span> <span class='ocrx_word' id='word_1_188' title='bbox 470 2378 536 2450; x_wconf 87' lang='lat' dir='ltr'>ille,</span> <span class='ocrx_word' id='word_1_189' title='bbox 569 2378 689 2452; x_wconf 90' lang='lat' dir='ltr'>quando</span> <span class='ocrx_word' id='word_1_190' title='bbox 716 2379 873 2453; x_wconf 90' lang='lat' dir='ltr'>repentino</span> <span class='ocrx_word' id='word_1_191' title='bbox 901 2376 1064 2435; x_wconf 87' lang='lat' dir='ltr'>interstitio</span> <span class='ocrx_word' id='word_1_192' title='bbox 1095 2395 1161 2435; x_wconf 88' lang='lat' dir='ltr'>eam</span> 
     </span>
     <span class='ocr_line' id='line_1_24' title="bbox 145 2466 1160 2542; baseline 0.002 -19"><span class='ocrx_word' id='word_1_193' title='bbox 145 2466 306 2542; x_wconf 86' lang='lat' dir='ltr'>gradiendo</span> <span class='ocrx_word' id='word_1_194' title='bbox 330 2467 378 2524; x_wconf 84' lang='lat' dir='ltr'>vel</span> <span class='ocrx_word' id='word_1_195' title='bbox 402 2466 546 2525; x_wconf 88' lang='lat' dir='ltr'>currendo</span> <span class='ocrx_word' id='word_1_196' title='bbox 565 2468 651 2541; x_wconf 92' lang='lat' dir='ltr'>sequi</span> <span class='ocrx_word' id='word_1_197' title='bbox 668 2484 728 2524; x_wconf 91' lang='lat' dir='ltr'>non</span> <span class='ocrx_word' id='word_1_198' title='bbox 747 2466 855 2541; x_wconf 78' lang='lat' dir='ltr'>potuit,</span> <span class='ocrx_word' id='word_1_199' title='bbox 874 2470 991 2524; x_wconf 87' lang='lat' dir='ltr'>secutus</span> <span class='ocrx_word' id='word_1_200' title='bbox 1011 2468 1057 2524; x_wconf 87' lang='lat' dir='ltr'>est</span> <span class='ocrx_word' id='word_1_201' title='bbox 1075 2484 1160 2525; x_wconf 85' lang='lat' dir='ltr'>voce:</span> 
     </span>
     <span class='ocr_line' id='line_1_25' title="bbox 145 2555 1161 2629; baseline 0.002 -18"><span class='ocrx_word' id='word_1_202' title='bbox 145 2556 213 2625; x_wconf 76' lang='lat' dir='ltr'>qaid</span> <span class='ocrx_word' id='word_1_203' title='bbox 240 2560 344 2612; x_wconf 18' lang='lat' dir='ltr'>oratam</span> <span class='ocrx_word' id='word_1_204' title='bbox 367 2558 477 2622; x_wconf 77' lang='lat' dir='ltr'>totiens,</span> <span class='ocrx_word' id='word_1_205' title='bbox 501 2556 626 2613; x_wconf 69' lang='lat' dir='ltr'>madetis</span> <span class='ocrx_word' id='word_1_206' title='bbox 649 2559 680 2613; x_wconf 80' lang='lat' dir='ltr'>ta</span> <span class='ocrx_word' id='word_1_207' title='bbox 704 2572 822 2628; x_wconf 69' lang='lat' dir='ltr'>queem,</span> <span class='ocrx_word' id='word_1_208' title='bbox 846 2556 933 2628; x_wconf 78' lang='lat' dir='ltr'>falsis</span> <span class='ocrx_word' id='word_1_209' title='bbox 956 2555 1035 2613; x_wconf 78' lang='lat' dir='ltr'>ludis</span> <span class='ocrx_word' id='word_1_210' title='bbox 1057 2557 1161 2629; x_wconf 70' lang='lat' dir='ltr'>incopi-</span> 
     </span>
     <span class='ocr_line' id='line_1_26' title="bbox 144 2644 1161 2717; baseline -0.004 -16"><span class='ocrx_word' id='word_1_211' title='bbox 144 2645 249 2702; x_wconf 78' lang='lat' dir='ltr'>nibas?</span> <span class='ocrx_word' id='word_1_212' title='bbox 295 2662 348 2701; x_wconf 77' lang='lat' dir='ltr'>oar</span> <span class='ocrx_word' id='word_1_213' title='bbox 375 2645 493 2702; x_wconf 79' lang='lat' dir='ltr'>dextrae</span> <span class='ocrx_word' id='word_1_214' title='bbox 519 2646 639 2717; x_wconf 66' lang='lat' dir='ltr'>tannero</span> <span class='ocrx_word' id='word_1_215' title='bbox 669 2644 801 2702; x_wconf 77' lang='lat' dir='ltr'>dextram</span> <span class='ocrx_word' id='word_1_216' title='bbox 823 2662 883 2703; x_wconf 80' lang='lat' dir='ltr'>coa</span> <span class='ocrx_word' id='word_1_217' title='bbox 906 2645 995 2702; x_wconf 80' lang='lat' dir='ltr'>datar</span> <span class='ocrx_word' id='word_1_218' title='bbox 1018 2661 1053 2702; x_wconf 88' lang='lat' dir='ltr'>oo</span> <span class='ocrx_word' id='word_1_219' title='bbox 1075 2662 1161 2702; x_wconf 77' lang='lat' dir='ltr'>veros</span> 
     </span>
     <span class='ocr_line' id='line_1_27' title="bbox 145 2733 1161 2793; baseline 0.003 -3"><span class='ocrx_word' id='word_1_220' title='bbox 145 2735 248 2792; x_wconf 79' lang='lat' dir='ltr'>audire</span> <span class='ocrx_word' id='word_1_221' title='bbox 276 2737 302 2791; x_wconf 84' lang='lat' dir='ltr'>et</span> <span class='ocrx_word' id='word_1_222' title='bbox 327 2734 448 2792; x_wconf 78' lang='lat' dir='ltr'>reddere</span> <span class='ocrx_word' id='word_1_223' title='bbox 475 2734 576 2790; x_wconf 78' lang='lat' dir='ltr'>oooes?</span> <span class='ocrx_word' id='word_1_224' title='bbox 621 2734 770 2792; x_wconf 89' lang='lat' dir='ltr'>incusatio</span> <span class='ocrx_word' id='word_1_225' title='bbox 794 2738 922 2792; x_wconf 87' lang='lat' dir='ltr'>estnon</span> <span class='ocrx_word' id='word_1_226' title='bbox 945 2733 1161 2793; x_wconf 89' lang='lat' dir='ltr'>contumeliosa</span> 
     </span>
     <span class='ocr_line' id='line_1_28' title="bbox 145 2822 1159 2899; baseline -0.001 -20"><span class='ocrx_word' id='word_1_227' title='bbox 145 2826 196 2880; x_wconf 88' lang='lat' dir='ltr'>aut</span> <span class='ocrx_word' id='word_1_228' title='bbox 224 2822 259 2880; x_wconf 90' lang='lat' dir='ltr'>de</span> <span class='ocrx_word' id='word_1_229' title='bbox 289 2822 487 2880; x_wconf 85' lang='lat' dir='ltr'>amaritudine</span> <span class='ocrx_word' id='word_1_230' title='bbox 513 2823 647 2896; x_wconf 79' lang='lat' dir='ltr'>veniens,</span> <span class='ocrx_word' id='word_1_231' title='bbox 676 2822 727 2880; x_wconf 92' lang='lat' dir='ltr'>sed</span> <span class='ocrx_word' id='word_1_232' title='bbox 751 2822 787 2880; x_wconf 88' lang='lat' dir='ltr'>de</span> <span class='ocrx_word' id='word_1_233' title='bbox 810 2822 954 2899; x_wconf 83' lang='lat' dir='ltr'>religione</span> <span class='ocrx_word' id='word_1_234' title='bbox 979 2824 1009 2880; x_wconf 85' lang='lat' dir='ltr'>et</span> <span class='ocrx_word' id='word_1_235' title='bbox 1032 2822 1159 2880; x_wconf 86' lang='lat' dir='ltr'>adfectu.</span> 
     </span>
     <span class='ocr_line' id='line_1_29' title="bbox 145 2909 1161 2985; baseline 0 -17"><span class='ocrx_word' id='word_1_236' title='bbox 145 2929 203 2985; x_wconf 86' lang='lat' dir='ltr'>cur,</span> <span class='ocrx_word' id='word_1_237' title='bbox 222 2912 331 2985; x_wconf 82' lang='lat' dir='ltr'>inquit,</span> <span class='ocrx_word' id='word_1_238' title='bbox 352 2916 420 2969; x_wconf 83' lang='lat' dir='ltr'>ante</span> <span class='ocrx_word' id='word_1_239' title='bbox 438 2912 495 2969; x_wconf 90' lang='lat' dir='ltr'>hoc</span> <span class='ocrx_word' id='word_1_240' title='bbox 513 2914 697 2969; x_wconf 92' lang='lat' dir='ltr'>momentum</span> <span class='ocrx_word' id='word_1_241' title='bbox 715 2915 839 2970; x_wconf 87' lang='lat' dir='ltr'>matrem</span> <span class='ocrx_word' id='word_1_242' title='bbox 861 2909 997 2970; x_wconf 85' lang='lat' dir='ltr'>confiteri</span> <span class='ocrx_word' id='word_1_243' title='bbox 1015 2910 1161 2969; x_wconf 81' lang='lat' dir='ltr'>noluisti?</span> 
     </span>
     <span class='ocr_line' id='line_1_30' title="bbox 145 2998 1160 3075; baseline -0.001 -18"><span class='ocrx_word' id='word_1_244' title='bbox 145 3018 196 3058; x_wconf 90' lang='lat' dir='ltr'>cur</span> <span class='ocrx_word' id='word_1_245' title='bbox 219 3003 306 3075; x_wconf 89' lang='lat' dir='ltr'>quasi</span> <span class='ocrx_word' id='word_1_246' title='bbox 329 3001 428 3059; x_wconf 90' lang='lat' dir='ltr'>aliena</span> <span class='ocrx_word' id='word_1_247' title='bbox 450 3001 551 3059; x_wconf 90' lang='lat' dir='ltr'>locuta</span> <span class='ocrx_word' id='word_1_248' title='bbox 575 3018 605 3059; x_wconf 84' lang='lat' dir='ltr'>es</span> <span class='ocrx_word' id='word_1_249' title='bbox 629 2999 765 3059; x_wconf 79' lang='lat' dir='ltr'>mecum?</span> <span class='ocrx_word' id='word_1_250' title='bbox 801 3018 839 3057; x_wconf 91' lang='lat' dir='ltr'>an</span> <span class='ocrx_word' id='word_1_251' title='bbox 862 2998 1006 3075; x_wconf 90' lang='lat' dir='ltr'>numquid</span> <span class='ocrx_word' id='word_1_252' title='bbox 1029 3001 1093 3058; x_wconf 91' lang='lat' dir='ltr'>tam</span> <span class='ocrx_word' id='word_1_253' title='bbox 1116 3001 1160 3056; x_wconf 94' lang='lat' dir='ltr'>in-</span> 
     </span>
     <span class='ocr_line' id='line_1_31' title="bbox 145 3088 1160 3165; baseline 0 -19"><span class='ocrx_word' id='word_1_254' title='bbox 145 3089 317 3163; x_wconf 79' lang='lat' dir='ltr'>felixsum,</span> <span class='ocrx_word' id='word_1_255' title='bbox 345 3093 380 3148; x_wconf 93' lang='lat' dir='ltr'>ut</span> <span class='ocrx_word' id='word_1_256' title='bbox 402 3091 433 3147; x_wconf 90' lang='lat' dir='ltr'>in</span> <span class='ocrx_word' id='word_1_257' title='bbox 457 3107 504 3147; x_wconf 92' lang='lat' dir='ltr'>me</span> <span class='ocrx_word' id='word_1_258' title='bbox 527 3091 619 3147; x_wconf 90' lang='lat' dir='ltr'>etiam</span> <span class='ocrx_word' id='word_1_259' title='bbox 642 3108 677 3147; x_wconf 83' lang='lat' dir='ltr'>ex</span> <span class='ocrx_word' id='word_1_260' title='bbox 700 3094 835 3148; x_wconf 90' lang='lat' dir='ltr'>materno</span> <span class='ocrx_word' id='word_1_261' title='bbox 859 3091 977 3165; x_wconf 87' lang='lat' dir='ltr'>pectore</span> <span class='ocrx_word' id='word_1_262' title='bbox 1000 3088 1160 3149; x_wconf 87' lang='lat' dir='ltr'>crudelitas</span> 
     </span>
    </p>
   </div>
   <div class='ocr_carea' id='block_1_3' title="bbox 141 3294 1183 3776">
    <p class='ocr_par' dir='ltr' id='par_1_4' title="bbox 141 3294 1183 3776">
     <span class='ocr_line' id='line_1_32' title="bbox 215 3294 1105 3363; baseline -0.001 -15"><span class='ocrx_word' id='word_1_263' title='bbox 215 3302 230 3348; x_wconf 85' lang='lat'>5</span> <span class='ocrx_word' id='word_1_264' title='bbox 256 3312 302 3349; x_wconf 85' lang='lat' dir='ltr'>eos</span> <span class='ocrx_word' id='word_1_265' title='bbox 325 3302 349 3348; x_wconf 85' lang='lat' dir='ltr'>ct</span> <span class='ocrx_word' id='word_1_266' title='bbox 373 3312 424 3363; x_wconf 69' lang='lat' dir='ltr'>qaae</span> <span class='ocrx_word' id='word_1_267' title='bbox 448 3310 501 3347; x_wconf 90' lang='lat' dir='ltr'>om.</span> <span class='ocrx_word' id='word_1_268' title='bbox 522 3294 564 3348; x_wconf 90' lang='lat' dir='ltr'>ed.</span> <span class='ocrx_word' id='word_1_269' title='bbox 676 3301 709 3349; x_wconf 89' lang='lat'>10</span> <span class='ocrx_word' id='word_1_270' title='bbox 735 3296 841 3349; x_wconf 69' lang='lat' dir='ltr'>diarmait</span> <span class='ocrx_word' id='word_1_271' title='bbox 864 3296 963 3349; x_wconf 83' lang='lat' dir='ltr'>laetam</span> <span class='ocrx_word' id='word_1_272' title='bbox 989 3311 1042 3347; x_wconf 91' lang='lat' dir='ltr'>om.</span> <span class='ocrx_word' id='word_1_273' title='bbox 1063 3294 1105 3347; x_wconf 89' lang='lat' dir='ltr'>ed.</span> 
     </span>
     <span class='ocr_line' id='line_1_33' title="bbox 145 3365 1105 3421; baseline -0.001 -3"><span class='ocrx_word' id='word_1_274' title='bbox 145 3373 176 3419; x_wconf 93' lang='grc'>12</span> <span class='ocrx_word' id='word_1_275' title='bbox 199 3384 266 3420; x_wconf 71' lang='lat' dir='ltr'>cara</span> <span class='ocrx_word' id='word_1_276' title='bbox 292 3372 316 3420; x_wconf 83' lang='lat' dir='ltr'>et</span> <span class='ocrx_word' id='word_1_277' title='bbox 341 3367 394 3418; x_wconf 82' lang='lat' dir='ltr'>LR</span> <span class='ocrx_word' id='word_1_278' title='bbox 421 3371 446 3420; x_wconf 78' lang='lat' dir='ltr'>et</span> <span class='ocrx_word' id='word_1_279' title='bbox 473 3383 526 3419; x_wconf 89' lang='lat' dir='ltr'>om.</span> <span class='ocrx_word' id='word_1_280' title='bbox 551 3366 594 3421; x_wconf 91' lang='lat' dir='ltr'>ed.</span> <span class='ocrx_word' id='word_1_281' title='bbox 684 3373 738 3421; x_wconf 81' lang='lat'>-15</span> <span class='ocrx_word' id='word_1_282' title='bbox 766 3384 820 3421; x_wconf 85' lang='lat' dir='ltr'>sese</span> <span class='ocrx_word' id='word_1_283' title='bbox 847 3366 899 3419; x_wconf 85' lang='lat' dir='ltr'>LR</span> <span class='ocrx_word' id='word_1_284' title='bbox 926 3383 954 3420; x_wconf 89' lang='lat' dir='ltr'>sc</span> <span class='ocrx_word' id='word_1_285' title='bbox 981 3382 1034 3420; x_wconf 82' lang='lat' dir='ltr'>esse</span> <span class='ocrx_word' id='word_1_286' title='bbox 1062 3365 1105 3419; x_wconf 90' lang='lat' dir='ltr'>ed.</span> 
     </span>
     <span class='ocr_line' id='line_1_34' title="bbox 145 3437 1159 3505; baseline -0.001 -15"><span class='ocrx_word' id='word_1_287' title='bbox 145 3444 176 3490; x_wconf 88' lang='grc'>16</span> <span class='ocrx_word' id='word_1_288' title='bbox 200 3440 284 3492; x_wconf 73' lang='lat' dir='ltr'>coctis</span> <span class='ocrx_word' id='word_1_289' title='bbox 310 3437 363 3490; x_wconf 88' lang='lat' dir='ltr'>LR</span> <span class='ocrx_word' id='word_1_290' title='bbox 390 3454 480 3491; x_wconf 82' lang='lat' dir='ltr'>comae</span> <span class='ocrx_word' id='word_1_291' title='bbox 507 3438 551 3491; x_wconf 89' lang='lat' dir='ltr'>ed.</span> <span class='ocrx_word' id='word_1_292' title='bbox 596 3443 599 3505; x_wconf 76' lang='lat' dir='ltr'>l</span> <span class='ocrx_word' id='word_1_293' title='bbox 642 3438 725 3492; x_wconf 78' lang='lat' dir='ltr'>herbo</span> <span class='ocrx_word' id='word_1_294' title='bbox 753 3437 877 3491; x_wconf 88' lang='lat' dir='ltr'>deletum</span> <span class='ocrx_word' id='word_1_295' title='bbox 904 3437 966 3491; x_wconf 89' lang='lat' dir='ltr'>vult</span> <span class='ocrx_word' id='word_1_296' title='bbox 992 3454 1007 3489; x_wconf 89' lang='lat' dir='ltr'>r</span> <span class='ocrx_word' id='word_1_297' title='bbox 1038 3453 1091 3489; x_wconf 90' lang='lat' dir='ltr'>om.</span> <span class='ocrx_word' id='word_1_298' title='bbox 1116 3437 1159 3490; x_wconf 89' lang='lat' dir='ltr'>ed.</span> 
     </span>
     <span class='ocr_line' id='line_1_35' title="bbox 151 3507 1160 3575; baseline 0.001 -13"><span class='ocrx_word' id='word_1_299' title='bbox 151 3536 153 3540; x_wconf 55' lang='lat'>&gt;</span> <span class='ocrx_word' id='word_1_300' title='bbox 197 3515 230 3562; x_wconf 83' lang='lat'>18</span> <span class='ocrx_word' id='word_1_301' title='bbox 250 3510 357 3563; x_wconf 79' lang='lat' dir='ltr'>odorem</span> <span class='ocrx_word' id='word_1_302' title='bbox 376 3525 466 3563; x_wconf 73' lang='lat' dir='ltr'>concae</span> <span class='ocrx_word' id='word_1_303' title='bbox 485 3509 537 3562; x_wconf 85' lang='lat' dir='ltr'>LR</span> <span class='ocrx_word' id='word_1_304' title='bbox 556 3507 672 3562; x_wconf 81' lang='lat' dir='ltr'>invertit</span> <span class='ocrx_word' id='word_1_305' title='bbox 691 3509 748 3575; x_wconf 84' lang='lat' dir='ltr'>ed,</span> <span class='ocrx_word' id='word_1_306' title='bbox 767 3508 817 3562; x_wconf 85' lang='lat' dir='ltr'>sed</span> <span class='ocrx_word' id='word_1_307' title='bbox 836 3508 905 3562; x_wconf 90' lang='lat' dir='ltr'>Don.</span> <span class='ocrx_word' id='word_1_308' title='bbox 926 3509 1078 3563; x_wconf 78' lang='lat' dir='ltr'>ambrosiae</span> <span class='ocrx_word' id='word_1_309' title='bbox 1096 3507 1160 3563; x_wconf 87' lang='lat' dir='ltr'>odo·</span> 
     </span>
     <span class='ocr_line' id='line_1_36' title="bbox 141 3578 1161 3649; baseline -0.002 -16"><span class='ocrx_word' id='word_1_310' title='bbox 141 3598 198 3634; x_wconf 74' lang='lat' dir='ltr'>cera</span> <span class='ocrx_word' id='word_1_311' title='bbox 217 3580 372 3649; x_wconf 84' lang='lat' dir='ltr'>coniungit.</span> <span class='ocrx_word' id='word_1_312' title='bbox 464 3586 498 3634; x_wconf 92' lang='grc'>20</span> <span class='ocrx_word' id='word_1_313' title='bbox 517 3582 596 3634; x_wconf 85' lang='lat' dir='ltr'>deam</span> <span class='ocrx_word' id='word_1_314' title='bbox 614 3580 666 3634; x_wconf 85' lang='lat' dir='ltr'>LR</span> <span class='ocrx_word' id='word_1_315' title='bbox 686 3580 712 3634; x_wconf 85' lang='lat' dir='ltr'>d.</span> <span class='ocrx_word' id='word_1_316' title='bbox 731 3596 759 3635; x_wconf 85' lang='lat' dir='ltr'>ec</span> <span class='ocrx_word' id='word_1_317' title='bbox 777 3579 820 3633; x_wconf 88' lang='lat' dir='ltr'>ed.</span> <span class='ocrx_word' id='word_1_318' title='bbox 912 3586 945 3633; x_wconf 90' lang='grc'>21</span> <span class='ocrx_word' id='word_1_319' title='bbox 966 3597 999 3634; x_wconf 82' lang='lat' dir='ltr'>or</span> <span class='ocrx_word' id='word_1_320' title='bbox 1017 3586 1091 3634; x_wconf 83' lang='lat' dir='ltr'>acret</span> <span class='ocrx_word' id='word_1_321' title='bbox 1109 3578 1161 3632; x_wconf 80' lang='lat' dir='ltr'>Lll</span> 
     </span>
     <span class='ocr_line' id='line_1_37' title="bbox 141 3651 1183 3722; baseline -0.002 -17"><span class='ocrx_word' id='word_1_322' title='bbox 141 3658 234 3722; x_wconf 69' lang='lat' dir='ltr'>operat</span> <span class='ocrx_word' id='word_1_323' title='bbox 252 3652 295 3705; x_wconf 89' lang='lat' dir='ltr'>ed.</span> <span class='ocrx_word' id='word_1_324' title='bbox 357 3657 389 3703; x_wconf 75' lang='lat'>27</span> <span class='ocrx_word' id='word_1_325' title='bbox 410 3653 518 3722; x_wconf 73' lang='lat' dir='ltr'>reyione</span> <span class='ocrx_word' id='word_1_326' title='bbox 537 3652 569 3705; x_wconf 88' lang='lat' dir='ltr'>R.</span> <span class='ocrx_word' id='word_1_327' title='bbox 627 3658 660 3707; x_wconf 85' lang='grc'>28</span> <span class='ocrx_word' id='word_1_328' title='bbox 679 3657 847 3707; x_wconf 70' lang='lat' dir='ltr'>remaculant</span> <span class='ocrx_word' id='word_1_329' title='bbox 865 3658 985 3708; x_wconf 71' lang='lat' dir='ltr'>metecus</span> <span class='ocrx_word' id='word_1_330' title='bbox 1023 3651 1060 3703; x_wconf 61' lang='lat' dir='ltr'>la</span> <span class='ocrx_word' id='word_1_331' title='bbox 1077 3664 1183 3703; x_wconf 56' lang='lat' dir='ltr'>newa</span> 
     </span>
     <span class='ocr_line' id='line_1_38' title="bbox 141 3723 380 3776; baseline -0.004 -1"><span class='ocrx_word' id='word_1_332' title='bbox 141 3730 218 3776; x_wconf 75' lang='lat' dir='ltr'>ticam</span> <span class='ocrx_word' id='word_1_333' title='bbox 235 3730 323 3774; x_wconf 70' lang='lat' dir='ltr'>mater</span> <span class='ocrx_word' id='word_1_334' title='bbox 339 3723 380 3775; x_wconf 83' lang='lat' dir='ltr'>ed.</span> 
     </span>
    </p>
   </div>
   <div class='ocr_carea' id='block_1_4' title="bbox 0 0 1372 4159">
    <p class='ocr_par' dir='ltr' id='par_1_5' title="bbox 0 0 1372 4159">
     <span class='ocr_line' id='line_1_39' title="bbox 0 0 1372 4159; baseline 0 1"><span class='ocrx_word' id='word_1_335' title='bbox 0 0 1372 4159; x_wconf 95' lang='lat' dir='ltr'> </span> 
     </span>
    </p>
   </div>
  </div>
 </body>
</html>
