2734 4159
587 333 770 389 AHNHIDOS
788 336 802 389 I
1158 334 1200 399 97

184 509 247 562 tnm
270 521 337 562 uero
359 507 503 579 inpenten
524 506 662 577 pernitani
686 504 737 563 etat
754 509 869 578 pectore
892 506 929 562 ab
952 508 1019 572 inc,
1038 509 1072 563 nt
1088 506 1254 578 spoliant

183 598 219 652 nt
245 612 350 651 currus
377 596 464 666 ntqne
490 596 588 667 ipsnrn
615 610 720 666 eorpus
748 596 836 653 amici
859 594 1073 667 tendentemque
1095 612 1201 670 nonne

184 684 342 741 Priamum
365 685 512 756 conspexit
533 685 662 741 inermis.
701 701 770 741 cum
793 682 866 741 dicit
889 685 954 740 tum
973 702 1052 756 vero,
1071 682 1203 741 ostendit

185 774 304 847 aliquos
328 774 422 830 animi
444 771 561 830 dolores
584 774 792 847 praecessisse,
823 771 873 830 sed
896 790 954 830 non
979 774 1079 830 tantos
1105 772 1202 847 qualis

156 881 222 926 aex
244 860 382 920 Hectoris
406 879 484 919 casu.
531 860 647 919 dixerat
674 862 786 936 quippe
812 862 966 935 „constitit
989 864 1020 919 et
1042 860 1201 920 lacrimans

185 952 254 1026 quis
286 950 348 1008 iam
380 951 476 1024 locus,
507 950 619 1025 inquit,
647 948 783 1008 Achate?
830 969 905 1026 quae
937 949 1020 1027 regio
1052 951 1084 1007 in
1114 951 1202 1010 terris

185 1040 283 1098 nostri
305 1059 365 1098 non
389 1040 478 1115 plena
501 1036 650 1098 laboris?“
690 1041 763 1099 item
787 1040 901 1113 „multa
919 1058 1038 1117 gemens
1057 1039 1202 1115 largoque

185 1131 320 1187 umectat
332 1129 454 1186 flumine
462 1124 606 1203 vultum“,
621 1128 713 1187 Rhesi
727 1148 844 1204 quoque
856 1130 969 1202 „niveis
983 1128 1113 1186 tentoria
1127 1125 1202 1186 velis

186 1220 325 1296 agnoscit
348 1216 534 1276 lacrimans“.
569 1218 618 1275 hic
637 1236 717 1293 ergo,
736 1218 787 1276 ubi
810 1220 937 1276 maiores
962 1235 1068 1275 causae
1092 1216 1202 1276 doloris

142 1331 172 1371 ro
186 1310 385 1379 accesserant,
413 1311 478 1365 tum
505 1326 589 1380 vero,
616 1307 728 1382 inquit,
758 1306 794 1364 ab
822 1308 882 1365 imo
910 1309 1029 1382 pectore
1057 1308 1203 1383 gemitum

186 1396 279 1470 dedit,
293 1396 368 1454 dura
387 1399 417 1454 et
434 1395 623 1454 inmoderata
637 1414 671 1454 ac
687 1396 848 1471 multiplici
862 1395 1023 1455 acerbitate
1038 1413 1202 1471 percussus.

185 1485 265 1545 vidit
288 1487 367 1543 enim
390 1486 481 1543 etiarn
506 1486 602 1560 spolia
626 1487 728 1559 erepta
750 1486 815 1544 viro
840 1486 912 1543 forti
935 1487 965 1543 et
992 1486 1052 1544 civi
1080 1486 1204 1559 optimo,

186 1573 277 1634 amici
301 1576 393 1633 etiam
416 1593 522 1649 corpus
546 1576 575 1631 et
599 1591 702 1632 currus
726 1566 794 1656 (aut
815 1574 911 1649 ipsius
930 1574 1068 1634 Hectoris
1092 1593 1204 1648 currus,

185 1667 222 1722 ut
244 1666 324 1721 inter
347 1664 444 1740 spolia
465 1664 660 1736 haberentur,
683 1665 738 1720 aut
761 1662 887 1721 Achillis
916 1663 1022 1738 quibus
1045 1663 1204 1722 Hectorem

144 1745 296 1833 retraxit)
321 1755 359 1827 et,
382 1752 464 1836 quc-d
487 1752 624 1810 omnibus
648 1752 799 1811 doloribus
823 1754 922 1812 fuerat
939 1755 1033 1827 peius,
1052 1753 1204 1811 Priamum

186 1842 360 1901 tendentem
383 1861 489 1900 manus
512 1842 568 1899 hoc
591 1844 637 1899 est
658 1843 823 1919 rogantem.
870 1842 950 1917 quod
974 1845 1075 1899 autern
1099 1844 1142 1900 ait
1169 1863 1205 1900 en

186 1932 340 2005 Priamus,
368 1932 399 1988 in
428 1933 490 1988 eius
519 1932 637 1988 nomine
664 1931 846 1990 latissimum
874 1930 959 1989 nobis
983 1930 1065 1989 dedit
1087 1931 1204 1990 intelle-

187 2020 280 2099 gendi
302 2022 473 2079 tractatum.
511 2019 658 2093 Priamus,
676 2020 785 2095 inquit,
804 2019 917 2078 scilicet
940 2021 993 2095 qui
1015 2021 1114 2078 fuerat
1138 2040 1204 2096 gra·

186 2111 280 2169 vioris
310 2110 430 2182 aetatis,
458 2110 616 2183 potestatis
643 2108 757 2186 regiae,
786 2110 870 2167 cuius
897 2110 1057 2183 imperium
1084 2127 1137 2183 per
1160 2110 1204 2165 in-

146 2222 173 2260 ec
187 2199 275 2256 finita
302 2201 439 2274 tempora
466 2216 534 2255 cum
561 2198 644 2256 omni
666 2198 812 2256 felicitate
835 2198 984 2255 floruerat.
1031 2197 1151 2255 dolebat
1173 2199 1206 2255 in

188 2308 223 2347 eo
247 2306 382 2346 socerum
405 2289 496 2345 etiam
516 2305 611 2361 suum,
629 2289 748 2362 patrem
765 2289 813 2344 tot
831 2285 1016 2361 perditorum
1034 2285 1205 2361 liberorum,

188 2397 276 2435 evum
307 2395 423 2452 quoque
447 2377 622 2450 multorum,
654 2376 692 2435 ad
714 2376 792 2434 hanc
813 2376 1022 2434 necessitatem
1043 2375 1205 2450 redactum,

188 2470 224 2525 ut
243 2468 314 2541 post
332 2468 442 2524 amissa
460 2466 560 2524 omnia
578 2467 611 2523 in
629 2483 719 2523 causa
738 2463 915 2523 durissimae
933 2463 1071 2524 orbitatis
1089 2466 1206 2524 hostem

188 2556 314 2631 supplex
336 2573 442 2631 rogare
466 2558 629 2632 cogeretur.
670 2554 816 2627 mambae,
834 2554 943 2629 inquit,
961 2554 1133 2627 inermibus,
1154 2557 1206 2612 aut

149 2666 175 2705 rc
189 2644 368 2720 simpliciter
391 2646 454 2702 sine
474 2646 563 2701 armis
583 2646 637 2701 aut
655 2645 734 2701 certe
754 2644 817 2701 sine
836 2640 1002 2719 insignibus
1020 2645 1114 2721 regni,
1135 2645 1205 2719 quia

190 2737 243 2810 qui
269 2735 410 2810 rogatum
437 2736 561 2791 venerat
587 2734 619 2790 in
647 2731 783 2791 omnibus
813 2750 842 2789 se
870 2732 1041 2791 inferiorem
1065 2732 1207 2791 debuerat

190 2825 401 2882 demonstrare.
448 2840 478 2879 se
514 2839 625 2894 quoqne
656 2821 843 2895 principibus
874 2824 1053 2892 pernotatum
1090 2824 1208 2895 agnouit

189 2912 324 2970 Achiuis:
353 2911 391 2969 ad
413 2912 499 2969 illam
521 2912 758 2986 propositionem
781 2911 913 2985 pertinet
936 2929 997 2986 qua
1020 2911 1095 2969 dixit
1119 2913 1207 2980 ,sunt

189 3003 239 3059 hic
262 3002 354 3059 etiam
378 3019 431 3059 sua
454 3000 588 3075 praemia
611 2998 723 3058 laudi“.
759 3018 830 3075 nam
849 2999 929 3073 quod
947 3001 992 3058 ita
1010 3018 1073 3059 sese
1092 3002 1207 3075 pictum

148 3112 175 3151 sc
190 3091 334 3164 advertit,
367 3092 402 3147 ut
433 3090 618 3164 principibus
647 3086 768 3148 Graccis
795 3087 922 3146 mixtum
954 3106 1016 3148 esse
1049 3092 1207 3161 constaret,

263 3299 279 3346 4
299 3300 389 3349 tantos
404 3293 455 3346 LR
474 3295 540 3347 tutes
561 3294 603 3346 ed.
660 3300 676 3347 5
696 3296 796 3364 qnippe
809 3294 862 3347 LR
875 3295 977 3348 scilieet
990 3294 1033 3347 ed.
1090 3298 1124 3346 10
1143 3300 1208 3348 tnree

189 3384 252 3421 cero
271 3365 324 3418 La
342 3367 394 3432 ed,
415 3366 464 3419 sed
484 3382 569 3434 supra
588 3372 653 3419 tnnc.
726 3371 759 3419 11
776 3366 919 3435 percuteres
937 3364 980 3418 ed.
1051 3371 1083 3418 12
1102 3365 1209 3419 citeron

190 3438 234 3493 ed.
259 3441 263 3506 l
289 3438 371 3491 etiarn
391 3456 444 3491 om.
461 3437 503 3491 ed.
579 3442 611 3489 15
631 3437 704 3506 qnod
723 3452 777 3491 cm.
792 3437 835 3490 ed.
858 3440 861 3506 l
886 3438 980 3503 fnerot
994 3437 1076 3505 peine
1094 3453 1147 3490 orn.
1164 3438 1207 3490 ed.

247 3514 280 3562 18
299 3516 416 3563 traetnm
435 3509 478 3561 ed.
501 3513 504 3579 Ι
527 3510 613 3575 suerit
631 3507 683 3560 LR
702 3507 745 3561 ed.
764 3510 858 3575 fuerat
876 3525 933 3562 nos.
1009 3514 1041 3560 19
1061 3510 1140 3562 enine
1158 3509 1208 3562 inc·

185 3582 298 3649 perinn
317 3580 369 3633 LR
388 3581 437 3650 qni
455 3581 497 3633 ed.
589 3584 624 3633 20
642 3580 775 3647 floruerat
792 3579 845 3633 LR
863 3582 914 3634 -ee't
931 3579 974 3633 ed.
1066 3586 1102 3633 21
1120 3581 1215 3647 perdi-

190 3659 282 3707 tornn
301 3650 353 3704 LR
371 3654 471 3705 virente
483 3653 677 3721 praeditornn
696 3652 739 3707 ed.
811 3657 859 3707 ’22
876 3653 1034 3710 multorum
1046 3650 1110 3704 'libb
1127 3667 1169 3701 ru.
1184 3662 1237 3698 aa·

184 3730 283 3792 potant
301 3724 342 3776 ed.
1101 3742 1105 3749 ·

228 3819 285 3856 Dan.
300 3819 394 3865 interpr.
413 3822 479 3871 Verg.
500 3826 547 3866 rol.
561 3826 579 3866 Ι.
1014 3819 1034 3869 ‘l
