2734 4159
586 330 769 386 AENEIDOS
787 332 800 386 I
1157 333 1198 398 61

181 519 250 560 mea
274 520 314 577 es,
331 499 395 559 'tibi
418 520 508 576 quam
531 501 721 559 vehementer
739 501 900 560 sollicitam
918 502 1014 578 video,
1033 502 1091 562 tibi
1110 522 1201 578 quam

180 590 252 649 nolo
281 588 384 649 vexari
411 589 573 666 angoribus
601 588 764 665 diuturnis,
790 591 847 649 tibi
872 591 958 650 fabor
980 591 1060 667 qnod
1082 596 1201 667 praeter

180 684 213 739 te
237 678 357 738 nullum
380 680 519 738 convenit
541 697 635 738 nosse.
682 681 758 737 enim
781 680 898 753 quoodo
921 681 990 739 hoec
1013 686 1039 739 te
1061 699 1134 742 cura
1156 699 1200 740 re·

181 769 304 836 mordet,
327 768 441 841 lonqius
465 767 596 826 coolecos
618 769 749 840 fatorum
771 786 884 828 arcana
906 771 1036 828 movebo:
1069 789 1133 849 ego,
1155 772 1200 829 in-

153 859 265 933 oquit,
287 857 391 932 paucis
413 860 444 915 te
467 858 644 916 instructam
666 856 789 916 reddere
812 858 914 933 debui,
937 858 987 918 sed
1010 860 1081 935 quia
1105 862 1200 938 aegri·

182 945 257 1006 tudo
291 946 386 1003 animi
416 947 464 1004 tui
495 965 555 1004 non
587 949 687 1020 potest
718 948 838 1021 penitus
874 946 1021 1006 brevitate
1058 950 1201 1007 sermonis

183 1034 317 1109 excludi,
344 1037 415 1093 utar
442 1036 615 1109 prolixitate
640 1035 795 1109 narrandi,
823 1042 857 1094 ut
879 1036 984 1095 edocta
1005 1038 1037 1094 in
1062 1037 1201 1096 omnibus

184 1125 321 1184 omnium
348 1127 469 1183 tuorum
496 1125 560 1182 fata
589 1123 760 1184 condiscens
782 1124 902 1185 laeteris
924 1127 1074 1200 prosperis
1098 1129 1128 1184 et
1151 1146 1200 1201 pe-

184 1215 268 1272 nitus
296 1212 389 1271 animi
416 1231 564 1272 maerores
593 1212 740 1273 excludas.
785 1214 834 1273 hic
862 1214 943 1273 locus
967 1214 1124 1273 ordinatur
1146 1216 1201 1274 sic:

141 1302 234 1363 1ohio
270 1301 328 1360 tibi
363 1301 462 1377 fabor,
499 1300 618 1378 quando
655 1302 734 1360 enim
770 1303 843 1361 haec
875 1306 906 1361 te
938 1322 1009 1363 cura
1045 1303 1200 1363 remordet

184 1392 292 1451 bellum
324 1393 425 1463 iaceas
454 1396 534 1465 poet
559 1391 667 1450 Italia:
704 1411 763 1450 non
790 1391 912 1451 Italiam
945 1393 1019 1451 dicit
1050 1395 1202 1470 gesturam

183 1481 306 1554 bellum,
330 1479 418 1538 sicuti
442 1480 496 1538 alii
517 1484 635 1555 putant,
659 1480 710 1538 sed
728 1481 848 1539 Aenean
868 1485 1022 1559 gesturum
1040 1482 1153 1541 bellum
1170 1482 1202 1539 in

183 1569 290 1643 Italia3
327 1568 453 1628 deducta
481 1571 560 1627 enim
587 1568 619 1627 in
645 1570 867 1645 praepositione
900 1571 975 1630 dixit
1002 1576 1085 1650 geret
1112 1571 1202 1630 Italia

183 1659 299 1719 bellum
329 1658 386 1717 hoc
417 1662 462 1718 est
493 1657 525 1715 in
555 1657 655 1717 Italia.
702 1659 829 1735 denique
862 1660 996 1736 seqnitur
1022 1662 1204 1735 populosque

141 1768 169 1809 ro
183 1750 294 1821 seroces
324 1748 478 1806 contundet
502 1764 650 1821 moresque
681 1750 755 1806 ciris
787 1754 812 1806 ei
842 1752 957 1809 moenio
984 1756 1081 1823 ponet.
1134 1768 1202 1826 pro-⁹

184 1838 308 1895 nuntiat
335 1837 470 1894 futuram
498 1836 619 1912 quidem
645 1838 776 1914 ingentis
802 1837 875 1896 belli
903 1857 1016 1914 curam,
1049 1839 1100 1899 sed
1124 1840 1203 1898 bona

184 1928 368 2002 proventura
391 1926 541 2000 posterius
559 1925 668 1984 iterum
686 1927 772 2001 ponit
793 1926 892 1986 dicens
912 1931 996 1987 lertio
1016 1930 1087 1987 dum
1105 1929 1194 1987 Latio
1205 1938 1256 1987 266

184 2019 355 2089 repetentem
377 2015 482 2073 viderit
504 2019 614 2074 aestus·
643 2015 676 2073 id
699 2020 743 2074 est
766 2015 883 2075 modico
906 2018 1040 2091 tempore
1063 2019 1203 2094 regnatu-

184 2124 254 2163 rum
277 2104 407 2178 Aenean,
430 2104 486 2162 hoc
510 2108 555 2162 est
576 2105 715 2179 triennio,
738 2124 865 2180 cumque
890 2106 945 2165 hoc
968 2105 1050 2180 dicit,
1074 2106 1204 2165 ostendit

139 2215 171 2255 so
185 2193 294 2269 procul
309 2192 398 2251 dubio
413 2193 599 2269 moriturum,
613 2193 665 2252 sed
684 2194 764 2268 quod
782 2195 840 2253 fuit
857 2194 944 2254 triste
962 2195 1205 2270 praetermissum

186 2285 241 2342 est.
288 2284 422 2357 sequenti
444 2286 546 2340 tamen
569 2282 712 2342 sermonis
735 2284 830 2358 ipsius
853 2302 940 2343 cursu
962 2284 1049 2359 ponit
1076 2288 1108 2342 ot
1126 2302 1205 2357 puer·

185 2370 346 2438 Asconius,
366 2373 414 2429 cui
435 2388 515 2429 auec
537 2388 692 2445 coyoomce
713 2373 782 2430 Iulo
806 2372 934 2440 additor,
954 2373 1204 2443 [inscrutatum

184 2477 235 2519 res
262 2461 338 2519 stetit
359 2461 426 2518 Ilio
453 2477 554 2533 oceno,
583 2463 703 2534 triptota
729 2479 852 2535 moseos
877 2463 1025 2521 volvendis
1056 2465 1205 2523 merentes

186 2551 271 2608 orbes
293 2551 415 2622 imperio
439 2550 560 2623 explebit
576 2568 753 2624 requiemque
771 2552 808 2609 ab
826 2551 893 2610 sede
910 2551 1022 2610 Lavini
1040 2554 1197 2625 transferet
1205 2560 1257 2609 270

139 2660 171 2702 25
186 2643 216 2699 et
241 2638 359 2713 lorcyum
385 2640 479 2697 multo
505 2640 535 2696 oi
561 2637 815 2709 montellicum,
838 2643 873 2698 ut
896 2641 1064 2701 ostenderet
1085 2642 1205 2701 Aeneae

185 2746 247 2787 non
272 2726 434 2786 extrarium
457 2728 597 2803 aliquem,
625 2728 676 2787 sed
699 2728 795 2787 filium
818 2747 1028 2805 successurum,
1057 2731 1137 2807 quod
1160 2735 1204 2791 est

186 2816 326 2877 omnibus
354 2816 486 2892 optabile
513 2817 701 2892 parentibus,
729 2818 911 2896 eundemque
939 2820 1104 2878 feliciorem
1132 2821 1205 2895 iore,

186 2909 222 2964 in
248 2907 367 2964 tantum
393 2908 428 2963 ut
456 2906 535 2981 quod
561 2910 648 2981 pater
674 2907 803 2967 triennio
831 2910 976 2969 tenuisset
1002 2909 1054 2967 ille
1081 2909 1206 2968 haberet

186 3014 243 3071 per
266 3012 359 3053 annos
382 2994 516 3073 triginta.
562 3014 680 3055 rursum
703 3016 770 3055 cum
793 2996 881 3056 finem
904 2998 1063 3073 pollicetur
1085 3000 1206 3073 imperii

140 3107 172 3148 ao
188 3103 267 3143 anno
291 3084 440 3141 tricesimo
463 3087 630 3159 transacto,
653 3086 784 3146 ostendit
807 3089 899 3145 etiam
920 3088 1019 3163 ipsum
1042 3087 1206 3146 Ascanium

263 3296 278 3342 3
298 3291 409 3358 quando
422 3291 475 3343 LR
493 3293 566 3345 euim
584 3290 683 3343 addidi
697 3294 813 3361 propter
827 3293 943 3361 interpr.
999 3298 1013 3345 ‘l
1032 3293 1111 3346 docto
1126 3292 1168 3345 ed.

189 3362 350 3417 Somnium
372 3378 426 3416 om.
446 3362 489 3417 ed.
581 3367 614 3415 10
637 3364 720 3428 fabor
738 3366 850 3432 quoodo
868 3367 940 3419 enim
959 3363 1011 3415 LR
1033 3366 1054 3430 f.
1074 3365 1165 3432 iuquit
1183 3381 1203 3418 e.

190 3452 234 3502 qu.
255 3434 298 3488 ed.
374 3438 407 3488 11
426 3450 483 3487 ooo
501 3434 617 3488 ltaliam
635 3433 743 3487 etc-(cf.
765 3441 806 3504 10,
821 3440 846 3487 8.
920 3439 953 3488 16
972 3436 1069 3505 inpone
1087 3435 1139 3488 th
1162 3438 1204 3489 in·

188 3506 279 3575 pectis
296 3522 311 3557 r
329 3505 498 3574 inprotcmL
516 3504 625 3557 IIman.
637 3504 680 3558 ed.
733 3511 765 3558 17
785 3509 850 3575 post
865 3508 947 3574 ponit
964 3521 1062 3560 rasura
1081 3506 1205 3575 quinque

190 3576 249 3629 fere
268 3574 428 3629 litterarum
447 3576 477 3628 in
495 3575 525 3629 L.
581 3580 616 3627 24
635 3576 751 3644 expleuit
769 3577 821 3631 th
841 3594 908 3631 corr
928 3594 949 3631 r.
972 3577 975 3649 l
1001 3579 1035 3631 ab
1054 3577 1106 3630 LR
1125 3597 1143 3632 o
1162 3578 1204 3632 ed.

246 3653 279 3700 26
303 3650 456 3701 cetrarium
479 3646 640 3716 aliquemlt
663 3650 822 3705 extractum
845 3647 926 3705 ott
949 3650 1072 3717 utiquam
1096 3664 1156 3700 om.
1172 3650 1224 3699 eo.

191 3720 340 3785 (entrance
355 3734 441 3787 saepe
460 3718 494 3772 cf.
511 3721 583 3791 368).
642 3726 676 3777 27
697 3724 872 3796 suumraquo
885 3721 949 3778 tn
966 3739 1033 3778 mean
1050 3720 1176 3785 aenium
1193 3714 1246 3766 anx
