2734 4159
578 339 762 395 AENEIDOS
782 339 806 393 V
1141 340 1207 405 425

191 509 318 567 aliorum
345 509 422 568 flatu
448 508 571 567 Troiani
597 509 718 568 liberati
745 509 911 568 videantur.
958 512 1087 585 utraque
1114 511 1209 588 igitur

191 598 337 673 expositio
360 599 451 656 habet
473 600 621 656 rationem
644 617 742 657 suam:
765 601 800 656 ut
822 600 884 657 iam
906 600 971 674 ipse
995 598 1095 675 aquilo
1119 618 1208 659 verus

191 687 295 761 fuerit,
326 689 378 762 qui
400 690 501 761 posset
524 686 659 761 quolibet
681 687 801 761 ducere,
831 690 884 746 aut
906 688 960 746 sub
985 688 1133 764 aquilonis
1156 708 1208 747 no-

191 778 270 834 mine
299 777 427 834 alterum
455 776 579 849 diceret,
610 777 662 852 qui
692 776 869 853 suffragium
897 776 1080 853 fugientibus
1108 777 1207 836 ferret.

165 866 264 926 sitem
295 866 371 923 dixit
398 856 443 946 (4,
464 856 543 945 310)
567 867 616 939 „et
638 865 744 925 mediis
768 884 909 942 properas
935 866 1123 941 aquilonibus
1146 864 1208 924 ire“

192 956 222 1012 et
246 946 303 1034 (ge.
323 958 352 1028 2,
372 947 451 1035 339)
475 953 623 1028 „hibernis
646 954 810 1031 parcebant
832 954 954 1014 flatibus
982 953 1063 1014 euri“
1092 958 1122 1014 et
1149 946 1209 1035 (ge.

194 1045 222 1119 3,
238 1034 317 1123 356)
337 1062 471 1119 „semper
494 1042 641 1119 spirantes
664 1044 779 1121 frigora
798 1042 906 1118 cauri“,
925 1046 999 1104 item
1018 1036 1078 1125 (ge.
1089 1046 1117 1118 2,
1129 1039 1207 1121 333)

193 1151 264 1206 „nec
291 1134 400 1190 metuit
427 1134 576 1210 surgentis
603 1132 763 1208 pampinus
792 1131 934 1192 austros“.
980 1135 1095 1192 1111111
1117 1134 1209 1207 respi-

193 1224 283 1289 cieus,
312 1240 386 1294 quae
411 1225 473 1281 iam
494 1222 620 1293 tufettcr's
643 1222 763 1281 11111111
786 1224 934 1281 coatuceut
955 1225 1098 1295 flammis:
1131 1221 1211 1298 quod

153 1332 179 1371 10
193 1311 270 1368 dixit
296 1312 415 1369 moenia
441 1311 618 1387 respiciens,
646 1313 699 1369 aut
727 1310 860 1370 adfectus
887 1312 946 1371 loci
968 1312 1093 1386 fecerat,
1122 1330 1211 1386 quern

193 1400 306 1459 invitus
334 1400 512 1476 reliquerat,
541 1401 595 1457 aut
621 1402 718 1458 metus
742 1418 779 1458 ne
802 1400 880 1459 forte
904 1400 1013 1476 aliquis
1037 1401 1105 1459 inde
1129 1418 1210 1460 secu-

193 1492 278 1547 turus
306 1489 420 1549 fuisset.
467 1488 517 1547 sed
545 1488 616 1545 dum
643 1489 700 1547 hac
728 1507 817 1547 causa
841 1488 1053 1567 Carthaginem
1079 1490 1211 1566 respicit,

194 1597 285 1652 quam
313 1580 437 1636 intentis
461 1578 569 1635 animis
592 1577 766 1636 intuebatur
790 1597 940 1653 quamque
962 1579 1142 1637 ineolumem
1164 1598 1210 1636 re-

193 1669 333 1742 liquerat,
347 1670 468 1742 repente
484 1666 560 1725 vidit
579 1667 741 1727 ardentem.
778 1685 854 1742 quae
872 1669 933 1725 iam
951 1668 1080 1727 infelicis
1095 1668 1210 1727 Elissae

153 1777 179 1817 rs
194 1757 351 1814 conlucent
378 1756 518 1815 flammis:
554 1756 610 1814 hoc
638 1775 673 1813 ex
700 1775 827 1831 persona
854 1760 961 1832 poetae
983 1756 1059 1816 bene
1082 1756 1210 1832 auditur,

195 1846 246 1919 qui
279 1845 390 1904 sciebat
422 1845 499 1902 unde
532 1844 610 1920 ignis
643 1848 720 1903 esset
748 1848 875 1905 exortus.
921 1846 999 1904 redit
1026 1847 1064 1904 ad
1092 1845 1211 1905 Aeneae

195 1934 449 2009 Troianorumque
477 1951 649 2008 personam:
686 1951 760 2007 quac
787 1938 901 1993 tautum
927 1936 1090 1994 occeudcrr't
1115 1938 1212 2009 111111

194 2041 285 2081 causa
314 2025 395 2082 latet:
427 2041 517 2082 causa
541 2022 662 2081 conflati
689 2023 820 2082 incendii
848 2043 882 2082 ex
910 2027 1013 2100 aperto
1041 2024 1123 2084 nosci
1151 2030 1246 2083 none

194 2114 320 2189 poterat.
367 2113 436 2171 etura’
458 2130 564 2187 111111
586 2113 638 2170 sect
660 2130 759 2171 amore
782 2114 894 2172 dotores
916 2114 1030 2187 polluto
1056 2118 1212 2190 uotumque

154 2222 180 2260 ro
193 2203 297 2273 turcus
324 2202 395 2273 quid
422 2203 534 2274 faama
556 2204 650 2274 possit
671 2204 752 2261 trtate
769 2220 826 2276 per
849 2204 1008 2276 antepartum
1032 2203 1212 2261 Teucrorum

189 2293 310 2362 pectora
333 2292 456 2348 11111111.Ι
485 2290 624 2367 intellegi
646 2290 774 2349 dabatur
796 2293 966 2351 coniectura
989 2294 1126 2350 currente
1149 2310 1211 2350 ma·

194 2379 257 2435 lum
289 2381 381 2438 fuisse
414 2380 557 2455 quicquid
586 2381 667 2457 ignis
695 2380 876 2439 ostenderet:
913 2383 1018 2438 notum
1046 2382 1126 2439 enim
1153 2381 1212 2439 fuit

196 2469 337 2542 exemplis
366 2469 539 2527 docentibus
567 2469 640 2544 quid
667 2472 699 2526 in
727 2468 898 2528 huiusmodi
922 2470 1018 2528 causis
1041 2471 1138 2546 possit
1161 2469 1211 2529 do·

195 2557 268 2614 loris
297 2558 457 2633 acerbitas,
487 2558 558 2633 quid
586 2557 740 2616 malefacti
763 2558 848 2632 oriri,
876 2576 943 2617 cum
967 2576 1051 2617 amor
1073 2558 1213 2633 laeditur,

155 2666 181 2705 rs
196 2646 270 2721 quid
293 2648 405 2705 femina
428 2649 570 2725 cogitare,
594 2664 662 2704 oum
685 2650 804 2722 praeter
822 2646 977 2706 levitatem
996 2666 1081 2707 sexus
1101 2649 1211 2707 amoris

196 2737 286 2793 etiam
320 2737 419 2795 furore
451 2736 633 2812 percellitur.
679 2735 753 2794 haec
781 2736 905 2794 Troiani
936 2738 1102 2813 cogitantes
1132 2735 1211 2814 ignis

196 2827 322 2902 augurio
355 2825 536 2903 colligebant
568 2823 684 2899 aliquid
716 2824 788 2883 mali
821 2824 852 2881 in
884 2825 938 2882 illa
970 2827 1093 2885 civitate
1127 2826 1212 2883 iuxta

196 2915 323 2972 salutem
350 2914 476 2973 Didonis
505 2933 568 2973 esse
595 2915 793 2972 commissum.
840 2912 997 2972 ordinatur
1026 2932 1128 2974 sensus
1156 2914 1212 2973 sic:

197 3022 272 3077 quae
308 3007 427 3062 tantum
464 3004 632 3061 accenderit
666 3004 767 3079 ignem
805 3020 894 3062 causa
930 3002 1018 3076 latet,
1055 3003 1107 3061 sed
1144 3002 1213 3061 duri

267 3161 284 3207 4
307 3156 393 3210 dicere
416 3154 469 3207 th
492 3154 534 3208 ed.
560 3155 658 3208 diceret
681 3170 740 3207 nos.
831 3160 847 3207 t>
867 3171 1015 3223 mospcras
1036 3153 1088 3206 LR
1111 3170 1180 3208 corr.
1199 3171 1214 3207 r

195 3242 249 3277 om.
270 3226 312 3278 cd.
405 3231 420 3278 6
442 3226 609 3295 spargebant
630 3241 681 3293 pro
701 3224 855 3294 parcebaut
871 3225 923 3277 LR
946 3226 1091 3294 spirabant
1114 3226 1157 3278 ed.

197 3303 211 3347 7
230 3314 344 3365 speruus
362 3313 412 3366 pro
431 3299 568 3366 spirantes
586 3296 646 3349 LR.
664 3298 668 3365 Ι
688 3297 773 3350 tauri
785 3296 838 3349 La
853 3313 920 3350 corr.
931 3315 952 3350 r.
1009 3302 1024 3349 8
1044 3313 1101 3349 111
1119 3296 1214 3351 metuit

195 3368 248 3420 LR
266 3386 315 3422 uec
328 3370 452 3422 merm'ur't
465 3369 508 3422 ed.
526 3370 704 3437 1111111111
717 3366 747 3420 L.
810 3373 825 3420 9
844 3369 958 3422 betisaac
971 3367 1031 3421 La.
1097 3374 1130 3421 12
1148 3368 1214 3421 baec

195 3456 280 3492 causa
299 3439 351 3491 LR
370 3456 431 3493 corr
452 3458 473 3493 r.
549 3444 582 3493 13
601 3441 705 3492 iuteuto
724 3439 818 3493 auimo
837 3439 880 3493 ed.
955 3438 1157 3493 maczerech.

196 3511 317 3564 2411111
339 3511 444 3577 facturi
462 3512 483 3563 L
507 3512 582 3565 11111
604 3510 709 3574 facturi
726 3510 752 3563 R
774 3512 842 3564 matt
864 3511 992 3577 futurum
1012 3510 1054 3564 ed.
1074 3510 1215 3577 malefacti

195 3582 265 3635 crire¹
283 3598 334 3634 nos
358 3582 393 3635 cf.
414 3588 438 3649 1,
454 3588 515 3637 548.
624 3586 659 3634 25
678 3583 798 3651 cogitare
815 3581 837 3633 L
857 3582 906 3635 edI
929 3584 1059 3653 cogitaret
1075 3581 1101 3633 a
1119 3581 1188 3635 eeu.
1207 3581 1222 3645 t

191 3659 305 3720 Implet
327 3652 380 3705 LR
403 3654 446 3708 ed.
466 3661 577 3723 praeter
600 3670 658 3707 nos.
758 3657 791 3707 ‘ts
817 3654 957 3709 accederet
972 3652 1038 3704 lita
1060 3666 1138 3702 sorr.
1151 3665 1171 3695 1
1190 3646 1244 3706 tw.

194 3722 328 3778 lemmate
343 3728 438 3795 recte),
691 3774 693 3778 ,
