2734 4159
574 327 757 382 nummos
775 329 814 382 III
1140 327 1206 393 339

187 499 386 571 iupeutemque
399 485 520 570 iusuper
532 494 661 556 Aetuom
674 499 834 571 inpositam
846 500 943 571 ruptis
956 499 1108 569 flummmu
1122 500 1199 572 cepi·
1208 500 1262 551 ⁶80

188 605 258 646 rore
272 588 403 655 comicis,
415 591 440 645 et
453 587 564 659 fessum
578 588 709 660 quotiens
722 590 811 645 mutet
824 587 910 655 lotus,
923 588 1076 647 iutrcmcre
1094 604 1207 645 ommem

187 694 339 735 murmure
363 676 551 735 Trinacriam
579 680 605 736 ct
631 676 743 735 coetmu
769 676 918 734 subtexere
943 677 1042 750 fmuo:
1074 676 1205 735 eiusdem

189 766 304 824 Aetnae
332 766 424 823 etiam
452 765 598 842 originem
625 766 655 823 et
680 782 768 823 casus
786 765 889 824 volens
912 766 1003 840 poeta
1025 763 1206 839 subnectere,

163 873 174 912 s
190 857 332 929 quoniam
344 854 459 913 incerto
474 857 594 912 auctore
608 854 728 929 prolata
741 853 920 913 videbantur
928 852 1110 929 perindeque
1121 856 1207 913 erant

189 943 326 1002 fabulosa
350 947 439 1018 atque
463 943 660 1017 incredibilia,
682 944 765 1001 fama
788 946 842 1016 est,
865 944 973 1019 inquit,
1002 961 1038 999 ne
1062 944 1095 1000 in
1117 941 1205 1001 rebus

187 1034 310 1091 incertis
338 1036 368 1091 et
395 1034 530 1092 fortassis
563 1031 787 1107 inpossibilibus
817 1034 881 1108 ipse
911 1050 942 1091 se
976 1033 1063 1107 quasi
1093 1033 1206 1089 certum

188 1124 341 1180 auctorem
369 1124 572 1180 constitueret.
618 1122 724 1180 inserit
755 1122 817 1179 iam
848 1120 947 1196 ipsam
978 1119 1114 1179 fabulam
1146 1138 1206 1179 non

188 1228 219 1269 se
238 1214 366 1283 auctore,
385 1214 419 1269 ut
437 1211 551 1269 dictum
570 1213 624 1285 est,
643 1210 694 1269 sed
712 1211 793 1269 fama
811 1210 975 1287 vulgatam.
1011 1209 1205 1283 Enceladum,

148 1299 295 1374 1cinquit,
311 1298 471 1376 (ligantem
489 1301 590 1359 ferunt
607 1318 662 1374 pro
681 1300 839 1377 sacrilegio
859 1298 940 1374 quod
959 1298 1116 1357 adversum
1135 1298 1205 1357 deos

189 1406 255 1446 cum
279 1391 385 1447 ceteris
405 1387 584 1465 Gigantibus
608 1388 770 1446 admiserat
788 1389 963 1446 semiustum
980 1387 1106 1445 fulmine
1124 1386 1205 1446 Iovis

186 1478 318 1555 ingentis
340 1477 456 1537 Aetnae
483 1478 612 1536 molibus
641 1495 704 1535 esse
730 1477 895 1535 subiectum
918 1476 1099 1551 perindeque
1121 1494 1204 1533 mon-

187 1570 249 1625 tem
276 1568 375 1641 ipsum
401 1570 503 1644 ignem
530 1569 647 1624 ructare
675 1565 809 1625 fulminis
836 1585 946 1641 poena,
978 1566 1076 1623 facere
1105 1567 1205 1623 autem

187 1658 303 1714 motum
334 1659 445 1730 terrae,
477 1675 543 1714 cum
574 1656 652 1714 idem
681 1654 848 1714 Enceladus
878 1672 1035 1713 conversus
1062 1655 1095 1712 in
1122 1653 1205 1711 aliud

147 1760 173 1800 ιε
187 1745 267 1803 latus
301 1745 423 1804 alterius
455 1746 585 1804 voluerit
617 1746 681 1804 vice
715 1744 847 1803 adfectas
878 1745 952 1802 viris
990 1745 1020 1801 et
1055 1742 1206 1801 tolerandi

187 1833 385 1893 substantiam
417 1853 564 1909 reparare.
610 1838 720 1892 uocteru
750 1834 835 1891 ulum
866 1835 930 1891 teeti
958 1832 1041 1891 stuic
1069 1833 1205 1891 immnuta

186 1927 317 1981 monstro
338 1925 516 1997 perferimus
543 1941 595 1981 uec
622 1940 697 1997 quoe
723 1925 851 1981 sonitum
879 1922 925 1981 det
949 1938 1041 1981 causo
1063 1922 1202 1980 ridemus.

186 2030 257 2070 nom
279 2029 370 2085 oeque
391 2017 475 2070 eruut
493 2016 640 2071 astrorum
657 2014 739 2086 tpues
756 2028 809 2069 uec
827 2012 942 2070 lucidus
960 2012 1062 2070 oettro
1080 2010 1257 2070 surrectae

181 2102 279 2172 potus,
303 2103 422 2159 obscuro
445 2103 496 2160 sect
517 2102 622 2161 mutilo
644 2102 723 2161 coeto
746 2106 772 2160 et
794 2102 897 2159 tuuom
915 2102 949 2159 m
965 2101 1063 2157 uimbo
1081 2115 1139 2158 moa
1157 2101 1202 2157 iu-

146 2206 172 2245 ac
186 2192 323 2261 tempesto
345 2192 470 2249 teuebat:
493 2190 652 2265 faciebant,
674 2192 784 2265 inquit,
803 2189 889 2253 nobis
911 2188 1064 2248 horrorem
1087 2190 1203 2247 sonitus

186 2278 293 2353 silvae,
320 2299 378 2338 nox
405 2279 509 2337 nubila
536 2280 620 2338 nullo
648 2281 759 2339 solacio
788 2279 836 2337 vel
863 2280 952 2337 lunae
980 2278 1028 2337 rel
1059 2276 1204 2352 siderum3

186 2369 287 2425 omnia
310 2370 419 2444 quippe
443 2369 536 2427 nubes
560 2369 742 2427 obtexerant.

251 2457 372 2516 Postero
398 2460 514 2531 tumque
541 2459 603 2517 dies
624 2460 724 2531 primo
755 2458 893 2531 surpebot
924 2473 972 2515 eoo
1003 2459 1203 2527 umentemque

185 2563 297 2604 aurora
313 2548 383 2618 polo
406 2548 566 2606 dimoveret
588 2547 733 2615 umbram,
754 2564 821 2605 cum
842 2547 937 2605 subito
961 2563 975 2604 e
997 2544 1079 2604 artois
1101 2546 1257 2604 macerae

143 2652 170 2692 as
185 2635 313 2707 coufectu
329 2653 468 2709 supremo
486 2639 578 2709 ipuoti
594 2652 672 2694 uoco
690 2636 788 2708 formo
805 2637 865 2694 m'rc'
882 2629 1108 2707 miserandoque
1122 2634 1203 2693 uum

179 2725 313 2796 procedit
334 2726 510 2798 supplexque
532 2742 639 2784 murus
662 2726 702 2783 ort
725 2725 813 2783 litora
835 2723 934 2783 tondit.
979 2743 1063 2797 mox,
1086 2724 1144 2797 ait,
1167 2725 1203 2782 ut

183 2812 236 2870 lux
255 2816 353 2887 coepit
372 2816 488 2888 exomni,
507 2815 628 2873 emersit
646 2833 681 2870 ex
700 2813 784 2872 silvis
802 2814 901 2890 ignoti
919 2830 998 2871 nova
1016 2813 1113 2871 forma
1132 2813 1199 2871 viri.

183 2920 243 2958 non
267 2901 322 2960 hoc
341 2906 385 2961 est
403 2922 482 2962 nova
500 2904 597 2962 forma
616 2902 696 2977 quod
715 2904 759 2961 est
777 2902 887 2979 ignoti3
910 2920 989 2960 nova
1008 2900 1087 2960 enim
1103 2902 1202 2959 forma

182 3071 211 3123 in
231 3072 385 3141 archetypo
404 3072 578 3126 occasionem
598 3071 698 3125 erroris
718 3070 828 3125 dedisse
848 3070 959 3125 videtur
981 3070 1059 3140 (inde
1078 3072 1130 3125 tici
1147 3087 1199 3139 pro

182 3145 233 3197 ubi
251 3149 275 3209 ὃ,
291 3148 353 3210 795)
371 3146 529 3199 semiustum
547 3161 562 3196 r
578 3148 726 3197 semustum
744 3143 787 3195 ed.

254 3220 379 3269 amutat
397 3216 439 3268 ed.
531 3220 645 3269 4cceus
663 3212 715 3266 La
733 3229 832 3268 causac
850 3214 916 3267 edF.
1007 3214 1201 3267 8e'mseretiom

182 3285 235 3338 LR
248 3288 346 3340 iuuerit
359 3289 416 3340 tum
429 3303 444 3338 r
457 3287 554 3339 iuuerit
567 3287 648 3339 etium
663 3284 706 3339 ed.
763 3290 778 3337 9
793 3291 930 3339 auctorem
944 3284 997 3336 LR
1011 3300 1080 3337 corr.
1091 3301 1104 3335 r
1120 3284 1162 3336 ed.

183 3361 217 3409 10
235 3358 358 3423 feceruut
376 3358 397 3409 L
416 3358 570 3422 iufecerumt
587 3356 612 3409 R
634 3357 861 3423 iuterfeceruutr
882 3356 1024 3422 duxeruut
1042 3354 1085 3408 ed.
1104 3355 1202 3419 ferunt

182 3446 240 3481 nos.
308 3434 339 3481 11
359 3431 517 3483 semiustum
536 3428 588 3481 th
606 3432 753 3482 semustum
772 3427 814 3479 ed.
832 3429 836 3495 Ι
856 3429 969 3495 flurium
986 3425 1039 3478 LR
1057 3442 1126 3479 corr.
1142 3444 1163 3478 r.

184 3506 217 3553 14
236 3505 327 3554 cotum
346 3499 398 3552 LR
416 3505 476 3554 coto
494 3517 509 3552 r
527 3516 596 3553 corr.
612 3499 655 3552 ed.
686 3501 690 3567 Ι
724 3498 831 3564 effectus
849 3497 901 3551 LR
923 3498 1016 3564 ettetos
1035 3514 1050 3549 r
1069 3496 1127 3550 edF
1150 3496 1200 3551 od-

181 3572 267 3637 fectae
285 3588 343 3625 nos.
436 3576 468 3624 16
488 3572 644 3625 substantio
661 3586 791 3637 superare
810 3569 853 3623 ed.
876 3586 897 3623 s.
917 3570 1046 3636 superari
1063 3569 1106 3622 ed.
1127 3571 1216 3638 post·

238 3648 269 3695 17
290 3644 411 3697 uidimus
428 3641 488 3696 LR.
555 3647 588 3695 18
606 3647 758 3696 castrorum
778 3640 820 3694 ed.
842 3642 846 3708 Ι
872 3639 974 3695 sideria
993 3639 1052 3693 LR.
1117 3644 1149 3694 19
1169 3641 1201 3694 iu

181 3730 236 3768 om.
252 3715 294 3769 ed.
369 3719 402 3767 23
422 3730 471 3767 euo
490 3713 549 3766 Lu.
624 3717 656 3765 at
676 3729 690 3767 e
708 3712 793 3781 spicis
811 3712 854 3764 ed.

932 3799 987 3853 ‘li‘
