2734 4159
441 368 449 379 ,Α
558 331 773 386 luminosi
1131 334 1173 398 83

146 516 207 571 per
236 499 321 557 auris
349 499 456 558 Troiae
484 518 588 558 raonem
618 501 665 574 iil)
697 501 813 560 diuerso
837 519 895 574 per
924 520 1051 574 aequora
1081 508 1173 562 vectos

151 590 229 660 forte
260 606 317 646 suo
343 588 463 663 Libycis
492 594 645 662 tempestas
675 590 790 662 adpulit
820 593 893 649 oris:
930 610 995 650 ecce
1026 593 1172 652 secundae

151 677 383 755 interrogationi
407 679 561 737 satisfecit.
599 679 731 737 ostendit
754 679 833 737 enim
856 699 892 738 ex
910 698 970 755 qua
988 683 1074 755 parte
1093 682 1172 741 orbis

151 766 318 825 venissent:
342 785 404 841 nos,
427 768 536 842 inquit,
559 787 577 825 a
601 768 691 827 Troia
714 786 822 827 sumus.
869 768 943 827 dicit
966 773 996 827 ct
1019 771 1081 828 eius
1108 771 1171 829 lau·

123 857 235 929 edem,
264 855 401 931 antiqua,
428 856 541 932 inquit,
570 876 661 932 quam
688 857 834 916 credimus
857 860 887 915 te
911 857 1049 932 opinione
1072 878 1171 933 nosse3

152 963 264 1021 magna
288 947 367 1003 enim
389 964 515 1023 magnac
539 949 609 1005 sunt
632 946 781 1022 opinionis
804 946 985 1021 perindeque
1006 948 1088 1006 fama
1107 967 1171 1007 cur·

152 1036 237 1093 rente
256 1034 394 1093 omnibus
413 1037 493 1095 nota.
526 1038 557 1095 et
574 1035 645 1094 lieet
664 1038 735 1094 anni
753 1035 840 1093 unius
860 1037 1171 1096 commemorationem

152 1124 304 1198 professus
333 1124 373 1181 sit
400 1126 519 1182 tantum
546 1124 637 1182 fuisse
664 1124 826 1200 prolixam,
853 1127 887 1182 ut
914 1127 996 1184 totus
1020 1124 1081 1183 dies
1105 1145 1170 1185 eam

153 1211 303 1287 conplecti
325 1206 383 1271 nori
407 1217 516 1287 posset,
538 1216 639 1271 tamen
663 1232 734 1271 usus
758 1213 934 1271 admiranda
956 1214 1103 1273 brevitate
1127 1215 1169 1273 la-

109 1323 137 1360 ic
151 1300 238 1360 bores
271 1303 362 1360 semel
395 1302 527 1360 omnium
559 1302 705 1361 conclusit
737 1321 897 1377 annorum3
935 1303 1059 1362 dicendo
1092 1304 1169 1362 enim

152 1389 338 1449 discedentes
366 1390 401 1448 de
428 1391 566 1450 litoribus
594 1392 702 1449 Troiae
734 1394 837 1469 tetigit
868 1392 996 1467 primam
1027 1395 1169 1469 temporis

150 1484 279 1555 partem,
303 1479 420 1538 diversa
442 1500 496 1555 per
519 1499 651 1555 aequora
674 1483 774 1539 vectos
798 1482 900 1559 tetigit
923 1482 1064 1556 mediam,
1093 1483 1169 1540 forte

150 1587 206 1626 sua
224 1567 347 1643 Libycis
365 1571 528 1644 tempestas
552 1569 669 1643 adpulit
691 1570 750 1628 oris
768 1572 866 1629 tenuit
884 1574 1074 1647 postremam,
1094 1591 1169 1647 quae

150 1660 211 1716 fuit
230 1659 262 1715 in
280 1661 439 1733 praesenti.
477 1659 566 1717 simul
586 1659 718 1717 ostendit
741 1658 820 1733 quod
843 1660 987 1718 violentia
1009 1664 1168 1736 tempesta-

108 1768 135 1808 ιε
150 1754 217 1806 tum
250 1751 280 1805 et
312 1747 455 1805 fluctuum
487 1750 518 1806 in
550 1749 634 1806 illam
665 1747 857 1807 solitudinem
885 1750 990 1808 fuisset
1019 1750 1167 1824 adpulsus.

150 1839 181 1895 et
206 1836 286 1910 quod
310 1835 386 1893 dixit
407 1837 528 1912 Libycis
551 1840 715 1913 tempestas
739 1837 856 1913 adpulit
880 1839 947 1913 cris,
967 1839 1035 1897 hinc
1058 1858 1168 1915 gnarus

149 1924 285 1999 effectus,
313 1927 385 1999 quia
413 1925 537 1985 Veneris
565 1926 663 1985 verbis
692 1927 809 1985 audivit
836 1926 906 2002 „sed
935 1926 1008 1985 fines
1035 1927 1167 2003 Libyci“.

149 2014 225 2073 dicit
248 2015 310 2071 iam
333 2015 386 2088 qui
409 2015 449 2072 sit
471 2016 534 2090 ipse
559 2017 610 2090 qui
634 2016 827 2090 loquebatur:
859 2033 925 2073 sum
947 2018 1019 2087 ptus
1041 2014 1168 2086 Acorea,

148 2106 180 2161 et
208 2103 280 2177 quia
307 2121 373 2160 cum
402 2104 457 2161 dea
485 2123 515 2161 se
540 2104 745 2162 arbitrabatur
767 2105 864 2179 loqui,
893 2103 1079 2163 commendat
1100 2124 1166 2180 per-

103 2214 132 2253 ro
148 2210 255 2251 sonam
285 2211 370 2250 suam
403 2192 526 2251 dicendo
556 2196 657 2266 raptos
686 2196 737 2266 qui
768 2211 801 2251 ca
829 2195 907 2250 hoste
931 2196 1050 2265 penatis
1077 2195 1167 2252 classe

147 2282 218 2340 cehe
241 2299 365 2348 meeum,
394 2286 429 2339 ut
456 2281 624 2341 ostenderet
652 2283 683 2339 in
707 2281 820 2340 excidio
843 2283 959 2357 patriae
982 2281 1038 2341 hoc
1061 2300 1091 2341 se
1115 2283 1166 2341 ha-

147 2369 247 2429 buisse
270 2373 463 2445 praecipuum
488 2370 568 2446 quod
592 2374 662 2429 ante
687 2372 746 2429 alia
774 2371 923 2429 liberaret.
968 2372 1052 2443 foma
1079 2390 1167 2446 super

147 2460 266 2518 cedema
298 2464 391 2518 octus,
443 2461 554 2518 famam
586 2459 682 2519 medie
715 2460 816 2535 posuit
847 2478 907 2519 non
935 2460 1087 2519 evidenter
1115 2463 1165 2519 ad-

147 2552 270 2626 signans
299 2549 382 2623 quali
410 2550 504 2623 fama,
533 2549 675 2625 quoniam
698 2550 787 2607 multi
810 2550 901 2607 ctiam
925 2568 959 2607 ex
982 2550 1061 2608 mala
1084 2551 1166 2611 fama

103 2659 130 2699 ac
147 2639 215 2697 noti
243 2642 319 2695 sunt.
368 2638 451 2712 quali
477 2642 579 2696 tamen
606 2638 688 2697 fama
716 2640 804 2696 notus
837 2638 928 2697 fuerit
954 2637 1070 2698 Aeneas
1102 2641 1165 2716 ipse

146 2716 300 2805 Vergilius
330 2728 389 2786 alio
420 2746 526 2803 genere
560 2728 789 2800 demonstravit3
827 2727 902 2784 dixit
932 2730 1011 2785 enim
1040 2746 1071 2787 se
1102 2747 1165 2789 esse

146 2818 232 2892 pium
251 2818 282 2874 et
299 2816 473 2893 religiosum
492 2818 577 2875 iuxta
599 2816 678 2875 deos.
716 2817 797 2875 fama
815 2834 904 2891 super
923 2818 1044 2876 aethera
1063 2820 1164 2877 notus:

147 2924 215 2963 cum
238 2905 399 2979 laboribus,
422 2907 531 2980 inquit
555 2910 585 2963 et
603 2906 736 2964 moribus
755 2906 828 2963 meis
847 2907 935 2964 notus
954 2906 1051 2964 factus
1071 2925 1164 2965 essem

147 2998 213 3053 toto
237 2995 310 3070 orbi,
334 2996 415 3052 fama
438 2995 567 3053 nominis
588 2997 647 3052 mei
666 2994 729 3053 sine
747 2994 804 3051 fine
824 2993 998 3067 discurrens,
1018 3013 1085 3052 cum
1102 2997 1161 3054 iam

220 3222 236 3267 4
257 3236 274 3269 o
294 3220 365 3270 troia
384 3234 478 3271 suerrus
492 3217 544 3270 Lu
560 3219 678 3286 profecti
691 3218 810 3271 inseruit
824 3217 866 3270 ed.
923 3222 938 3269 ὁ
957 3233 1064 3270 noscere
1083 3216 1126 3269 ed.

147 3294 293 3342 Secutum
307 3287 359 3339 LR
374 3294 430 3342 coru
444 3288 486 3342 ed.
544 3293 577 3341 10
595 3291 674 3343 semel
688 3289 837 3343 thsimol
850 3288 893 3342 cd.
951 3294 981 3341 11
1002 3288 1163 3341 discedendo

146 3361 190 3414 ed.
249 3365 281 3411 12
297 3359 489 3413 diversa-16
504 3361 644 3414 diuitem.
659 3362 730 3427 forte
747 3378 800 3415 sua
819 3359 966 3413 substituit
980 3359 1022 3412 ed.
1079 3363 1112 3411 lt
1131 3361 1163 3411 ilc

146 3432 198 3486 illo
216 3431 364 3485 solitudine
382 3430 441 3483 Lu.
499 3437 531 3484 16
549 3432 614 3485 binc
627 3449 733 3501 cuorus
746 3431 767 3484 L
786 3433 797 3484 e'
810 3447 916 3501 pucros
929 3430 955 3482 a
970 3432 1033 3485 binc
1046 3431 1163 3499 equares

144 3502 217 3556 red.
233 3501 309 3554 baud
323 3501 482 3571 iquorusr'.
541 3508 572 3555 18
593 3503 722 3571 loquutur
740 3503 782 3556 ed.
839 3507 872 3555 22
891 3503 951 3556 alia
964 3501 1016 3553 LR
1034 3519 1059 3555 α.
1076 3519 1162 3569 peuc-

146 3582 185 3628 tcs
204 3572 246 3626 ed.
303 3578 336 3625 23
356 3573 460 3637 cordiae
473 3573 526 3626 LR.
544 3591 612 3628 corr.
633 3574 675 3626 ed.
694 3576 698 3641 1
714 3590 770 3627 ooo
789 3591 841 3626 om.
858 3572 900 3626 ed.
956 3578 990 3624 24
1010 3574 1100 3640 perulis
1117 3572 1160 3625 ed.

201 3649 235 3697 25
255 3650 345 3698 laureo
363 3643 413 3714 LR
434 3651 524 3698 autem
542 3645 585 3698 ed.
673 3650 706 3697 26
726 3662 779 3699 csse
798 3644 852 3698 Lu
870 3644 915 3699 ed.
935 3660 963 3699 sc
981 3660 1037 3699 csse
1051 3660 1120 3696 nos.

146 3722 180 3769 29
204 3722 259 3771 toto
277 3717 338 3768 orbi
352 3715 405 3766 Lll
424 3715 475 3768 edI
494 3722 549 3773 toto
573 3718 636 3775 orbe
655 3736 671 3773 r
693 3721 746 3777 toti
769 3720 833 3777 orbi
851 3718 929 3789 eds,
949 3718 1006 3773 sed
1024 3715 1064 3770 ci.
1080 3716 1197 3780 aith·

937 3811 979 3866 g*
