2734 4159
580 332 763 389 sanemus
781 333 808 389 V
1138 332 1205 400 495

184 504 319 565 remedio
342 522 523 581 superemus.
565 521 637 582 gens
660 506 765 564 nostra
787 503 869 563 mala
890 503 1021 563 fatorum
1040 506 1119 563 sorte
1136 522 1205 580 pro-

185 596 292 673 genita
315 594 411 653 omnis
434 595 482 653 est
504 592 636 653 adversis
660 592 811 653 destinata
840 593 1009 669 suppliciis,
1036 593 1206 654 habuenmt

185 683 304 760 aliquid
325 684 428 742 meriti
450 683 540 743 simul
562 683 685 742 interire
708 700 775 741 cum
798 683 912 758 patria,
939 684 1040 741 noster
1061 680 1129 741 finis
1153 682 1204 741 ad-
1286 689 1288 694 ’

184 774 244 832 huc
262 790 357 848 usque
375 772 521 848 differtur,
544 774 579 831 ut
591 772 684 831 variis
702 773 917 830 tormentorum
933 770 1048 831 vicibus
1068 769 1205 831 adflictae

156 861 389 938 sperduremus.
435 880 505 920 nam
529 862 595 936 quis
623 862 681 920 erit
708 861 856 920 malorum
882 862 1017 936 ipsorum
1043 858 1124 933 finis,
1152 861 1205 935 qui

185 952 337 1011 continuis
366 969 513 1011 annorum
543 952 657 1026 septem
687 950 794 1026 spatiis
824 949 961 1009 concludi
993 968 1053 1009 non
1082 947 1206 1025 potuit?

183 1041 284 1100 maris
297 1041 399 1099 omnia
417 1042 449 1099 et
465 1040 623 1099 universae
640 1040 790 1098 terrarum
808 1042 909 1116 partes
924 1040 1073 1098 cruciatus
1087 1040 1204 1098 nostros

184 1147 357 1205 poenasque
379 1131 542 1205 testantur,
566 1147 633 1187 cum
655 1127 779 1187 Italiam
801 1130 954 1203 sequimur
976 1146 1105 1204 semper,
1129 1146 1205 1203 quae

184 1218 266 1297 fugit
289 1220 425 1277 autnon
448 1220 501 1277 est.
546 1218 593 1278 bia
611 1217 719 1293 Eryce
740 1219 815 1301 siuas
837 1219 965 1290 fraterni
987 1221 1072 1291 atque
1094 1217 1260 1290 desperato

144 1329 172 1369 rc
185 1307 323 1367 Acestes:
344 1310 411 1381 quis
427 1308 565 1381 probibet
586 1323 687 1366 muros
709 1308 803 1366 iacere
822 1310 848 1366 ct
865 1308 938 1367 dare
955 1307 1066 1365 auibus
1084 1307 1206 1365 urban?

187 1399 368 1473 oportunum
386 1415 510 1472 prorsus
528 1395 702 1455 remanendi
720 1398 838 1471 tempus
857 1397 911 1470 est,
934 1396 1016 1455 locus
1035 1394 1205 1455 volentibus

186 1487 335 1564 congruit,
353 1485 458 1563 negari
472 1504 532 1545 non
545 1486 646 1561 potest
659 1484 740 1561 quod
754 1484 854 1544 fuerat
867 1485 979 1560 fratris,
998 1484 1122 1544 Troiani
1135 1487 1206 1544 sunt

185 1576 295 1634 henim
312 1578 461 1634 arrarum
478 1574 605 1649 incolae,
622 1593 682 1634 non
703 1573 893 1651 denegabunt
910 1575 989 1633 cives
1008 1572 1205 1633 necessariam

186 1664 303 1723 civibus
326 1664 435 1737 sedem,
458 1665 640 1724 conveniunt
662 1663 763 1722 omnis
787 1662 949 1723 commodis
972 1664 1091 1737 nostris,
1117 1665 1205 1722 omit·

145 1773 170 1814 ιι
184 1752 278 1813 tenda
304 1772 365 1813 non
395 1755 440 1812 est
468 1755 574 1812 tentae
607 1751 804 1828 expeditionis
837 1752 967 1826 eccesie,
998 1771 1035 1811 ne
1069 1754 1207 1827 quaesita

185 1842 336 1919 posterius
354 1843 480 1918 reperiri
498 1860 558 1901 non
576 1843 680 1919 possit.
718 1858 734 1900 o
747 1844 853 1915 patria
872 1845 898 1900 et
914 1844 995 1915 rapti
1012 1843 1206 1915 nequicquam

185 1949 222 1992 aa
244 1932 322 1991 basta
344 1936 483 2005 penates:
510 1949 541 2006 o,
564 1931 678 2007 inquit,
701 1931 817 2007 patria,
840 1948 931 2006 quam
954 1928 1137 1989 desemimus
1160 1930 1206 1989 in-

184 2019 362 2098 prudentes,
395 2019 467 2096 quid
499 2020 616 2096 profuit
644 2021 764 2097 penatis
792 2019 862 2079 deos
889 2019 1018 2079 flammis
1047 2036 1109 2078 esse
1137 2018 1206 2078 sub·

184 2106 322 2169 tractos?
345 2127 411 2169 ecce
433 2128 488 2169 nec
511 2108 569 2170 sibi
590 2111 754 2186 potuerunt
776 2108 915 2185 prodesse
934 2127 988 2167 nec
1005 2108 1100 2167 nobis.
1134 2108 1206 2183 qnid

141 2220 170 2260 ro
184 2199 302 2277 profuit
319 2199 449 2258 naribus
467 2201 578 2273 vectos,
603 2197 675 2274 quid
694 2198 814 2257 effectos
833 2197 956 2257 comites
974 2194 1081 2256 nobis?
1105 2200 1206 2257 errant

184 2288 245 2364 ipsi
269 2306 388 2364 quoque
410 2306 465 2347 nec
492 2306 578 2347 suam
606 2287 713 2347 saltem
743 2288 887 2346 iniuriam
908 2286 1038 2362 pellunt,
1067 2288 1205 2346 miseriae

184 2379 308 2438 nostrae
322 2378 435 2436 nullius
449 2376 597 2435 auxilium
610 2379 741 2452 sperant,
759 2395 853 2434 unum
869 2376 1022 2452 superest,
1034 2377 1070 2434 ut
1088 2378 1205 2434 secutae

186 2466 359 2541 consilium,
383 2464 461 2541 quod
485 2467 593 2525 vestris
617 2465 753 2525 sensibus
775 2465 968 2539 intimavero,
995 2464 1207 2541 provideamus

184 2554 273 2615 nobis
297 2555 468 2630 quiescendi
490 2554 661 2614 remedium.
699 2554 817 2613 dicture
845 2553 916 2629 quid
940 2556 1018 2613 esset
1040 2552 1205 2613 necessaria

139 2664 171 2706 ss
185 2642 357 2703 faciendum
388 2644 546 2720 praemisit
577 2646 608 2703 et
633 2643 721 2717 haec,
757 2645 793 2702 ut
822 2644 1024 2719 persuasionis
1057 2643 1206 2701 obtineret

186 2734 338 2793 effectumr
365 2733 500 2802 malacae,
533 2734 646 2809 inquit,
676 2735 740 2792 iam
770 2733 875 2792 Troiae
907 2732 1039 2791 dicautur
1069 2732 1205 2791 macuta?

184 2839 335 2894 nusquam
361 2822 517 2882 Hectoreas
547 2824 644 2881 amuis
672 2821 826 2881 Xanthum
857 2826 882 2881 ct
912 2820 1060 2881 Simoenta
1084 2820 1205 2880 uidebo?

184 2913 320 2984 tantum,
342 2912 454 2988 inquit,
478 2910 637 2970 errandum
661 2913 707 2970 est
729 2910 829 2985 nobis,
855 2913 904 2985 ut,
932 2930 999 2969 cum
1027 2911 1122 2968 otium
1145 2928 1206 2971 nou

260 3086 274 3133 1
294 3097 456 3149 superamus
470 3080 522 3133 LR
537 3080 580 3134 ed.
595 3083 661 3149 post
677 3080 732 3133 hoo
751 3079 861 3149 aliquid
881 3079 1017 3134 excidisse
1033 3078 1107 3133 falso
1121 3080 1208 3147 pubet

185 3152 253 3205 edF.
332 3158 348 3205 2
367 3153 523 3207 habueruut
542 3151 594 3204 LR
611 3151 763 3205 babuerat?
841 3156 857 3203 3
876 3151 985 3218 aliquid
1002 3151 1094 3205 meriti
1112 3150 1134 3202 L
1152 3151 1206 3203 ata

185 3223 260 3292 qaod
278 3241 312 3278 ua.
332 3222 358 3276 R
380 3222 474 3277 locum
497 3226 603 3278 temere
625 3225 695 3277 mut.
715 3223 758 3277 ed.
793 3224 797 3291 Ι
831 3223 942 3276 interire·
960 3221 1012 3273 LR
1030 3238 1070 3276 -re
1089 3221 1132 3275 ed.

185 3302 203 3349 4
222 3301 254 3348 ut
265 3325 299 3334 -
310 3300 325 3347 b
341 3297 528 3363 perducamur
546 3294 599 3348 LR
620 3301 696 3349 ut-
703 3293 883 3362 perduremus
900 3310 915 3346 r
937 3309 975 3346 an
993 3299 1061 3347 et-
1068 3292 1204 3362 perstrua-

185 3371 266 3421 mue?
365 3372 380 3419 5
401 3367 589 3435 perducamur
609 3365 652 3420 ed.
755 3370 788 3417 10
808 3364 875 3433 quid
893 3363 945 3416 LR
963 3364 1034 3433 edd,
1058 3364 1108 3417 sed
1130 3362 1205 3418 infra

187 3437 225 3491 ad
243 3454 268 3491 v.
285 3442 336 3491 795
354 3436 399 3490 bis
422 3436 556 3491 laudatur
574 3439 649 3506 ques,
672 3436 749 3505 quod
771 3434 1001 3505 interpretationi
1024 3434 1116 3506 magis
1140 3451 1204 3491 ccu-

185 3507 282 3563 venire
304 3507 423 3563 videtur.
533 3514 566 3561 12
589 3510 676 3576 fratri
698 3507 751 3561 LR
772 3508 872 3575 fratris
894 3506 937 3561 ed.
1048 3513 1081 3561 lb
1103 3506 1207 3576 capeti-

185 3581 273 3634 tionie
295 3579 347 3633 LIt
374 3597 443 3634 corr.
468 3579 511 3634 ed.
621 3584 654 3632 18
678 3580 797 3647 flammis
819 3578 871 3630 LR
896 3595 910 3632 e
932 3579 1043 3645 flamma
1066 3576 1132 3631 edit.

186 3656 221 3704 20
244 3657 331 3705 vectos
353 3651 374 3703 L
388 3658 486 3774 Ipectas
508 3651 535 3703 R
561 3667 616 3705 esce
639 3649 703 3705 add.
728 3650 790 3704 eds
882 3654 916 3703 28
942 3650 1028 3703 atiuua
1054 3648 1099 3706 bis
1121 3648 1147 3706 u
1173 3654 1207 3709 ut

184 3740 248 3779 cum
269 3738 292 3776 a.
311 3740 373 3776 r=
411 3764 417 3776 .
