2734 4159
553 324 737 380 AENEIDOS
756 324 795 379 111
1120 324 1188 391 335

170 497 295 573 possint.
340 498 483 571 procurat
510 497 573 555 eius
600 494 855 571 tranquillitatem
882 494 1012 553 altitudo
1040 514 1187 569 saxorum,

172 604 247 661 quae
279 587 313 643 in
344 585 466 643 modum
501 584 693 643 brachiorum
729 585 879 659 utrimque
915 584 1048 658 proiecta
1083 586 1190 645 eontra

169 674 317 750 procellas
344 676 375 732 et
402 674 535 733 turbines
562 672 649 750 quasi
676 672 818 732 adversus
842 672 937 732 hostis
959 692 1080 731 murum
1102 692 1188 749 prae-

170 766 261 822 stant.
298 763 470 840 refugitque
493 762 530 822 ab
554 764 643 822 litore
664 762 825 837 templum:
849 762 1020 821 constitutis
1042 764 1075 819 in
1097 766 1188 838 portu

142 852 274 913 leodem
295 853 442 927 templum
464 870 525 911 non
548 853 688 928 apparet3
717 850 931 910 obsistentibus
954 852 1034 910 enim
1057 852 1187 926 scopulis

169 943 201 1000 in
223 943 393 1001 inmensum
415 940 513 1000 ductis
536 940 633 1000 rideri
654 958 715 1000 non
737 943 844 1015 potest.
891 943 1028 1013 ccccccr
1049 940 1102 1008 hic,
1125 943 1188 1013 pri·

168 1050 250 1089 mecm
273 1048 364 1099 maen,
388 1046 475 1103 equos
495 1032 529 1089 in
549 1031 683 1104 oramine
706 1030 767 1088 cidi
790 1030 933 1088 madentis
955 1046 1091 1102 campum
1116 1030 1187 1087 late:

170 1121 335 1196 speciosum
365 1119 504 1179 dictionis
532 1137 638 1196 genus3
671 1118 833 1177 nonenim
856 1118 932 1176 dixit
954 1117 1017 1177 ridi
1041 1136 1132 1192 equos
1154 1118 1187 1177 in

169 1227 276 1284 campo
299 1207 446 1268 latissimo
469 1226 592 1287 gramen
615 1206 776 1281 tondentis,
799 1207 851 1266 sed
873 1206 945 1282 vidi,
968 1206 1076 1283 inquit,
1094 1225 1186 1283 equos

137 1318 156 1358 ro
169 1300 202 1357 in
230 1298 365 1375 gramine
391 1297 544 1356 tondentis
572 1316 711 1372 campum
743 1298 937 1371 latissimum,
970 1299 1000 1354 et
1033 1314 1100 1354 cum
1126 1316 1187 1355 non

169 1387 245 1446 dicit
276 1386 384 1463 quibus
416 1387 484 1445 aliis
510 1385 612 1467 herbis
637 1388 842 1461 pascerentur,
876 1385 1005 1445 ostendit
1032 1386 1096 1445 sola
1123 1385 1187 1443 illic

169 1477 307 1554 gramina
324 1477 424 1535 fuisse.
462 1477 588 1536 candore
605 1476 714 1535 nicoli:
736 1492 802 1535 eece
825 1475 858 1533 in
881 1475 965 1551 equis
988 1473 1069 1550 quod
1087 1476 1187 1533 omnia

170 1567 314 1640 quattuor
344 1566 465 1623 fuerant
496 1567 527 1624 et
558 1565 666 1624 coloris
697 1563 791 1639 nivei,
826 1563 982 1623 constituti
1012 1565 1045 1622 'm
1076 1582 1187 1640 magna

170 1654 330 1713 alimoniae
358 1654 527 1713 substantia
554 1657 585 1713 et
610 1654 676 1712 lata
702 1654 735 1712 in
761 1653 898 1712 ubertate
930 1671 1110 1728 camporum.
1157 1657 1187 1711 ct

137 1764 155 1804 a
163 1747 253 1817 parer
275 1742 416 1801 Anchises
444 1743 562 1813 bellurn,
590 1760 606 1800 o
634 1747 714 1801 terra
741 1743 868 1816 hospita,
891 1747 1009 1815 portas,
1036 1741 1107 1799 bello
1131 1746 1239 1800 (ιν-640

168 1836 290 1891 martur
312 1834 386 1906 cqci,
414 1833 520 1891 bellom
547 1834 617 1891 haec
644 1836 778 1891 armento
804 1834 970 1891 minantur:
1005 1833 1105 1906 pater,
1133 1832 1186 1906 ait

168 1940 253 1981 meus
280 1920 425 1980 Anchises
457 1921 569 1981 fiducie
601 1922 743 1980 scientiae
775 1939 846 1980 suae
878 1940 947 1978 mox
978 1921 1187 1995 pronuntiarit

169 2030 315 2086 equorum
345 2012 444 2070 visum
476 2011 556 2070 bella
587 2010 763 2085 portendere
794 2010 851 2069 hac
887 2011 1070 2084 coniectura,
1107 2009 1186 2085 quod

169 2102 254 2176 equis
278 2102 364 2158 eatur
387 2099 425 2159 ad
447 2100 568 2158 bellum.
606 2098 792 2157 confirmatio
817 2098 992 2158 adsertionis
1014 2100 1110 2173 ipsius
1128 2099 1187 2157 fuit

137 2193 200 2248 icet
226 2189 401 2264 plenissima
427 2189 634 2264 pronuntiatio
663 2207 722 2263 qua
752 2187 873 2247 additur
903 2187 1028 2262 bellum,
1061 2206 1078 2246 o
1105 2190 1187 2246 terre

168 2278 299 2353 hospita,
321 2281 432 2353 portas,
451 2277 530 2337 bello
554 2280 709 2335 armantur
731 2277 809 2352 equi,
829 2276 941 2335 bellum
959 2276 1032 2336 haec
1051 2279 1187 2335 armenta

168 2368 330 2426 minantur.
375 2366 501 2426 ridicule
527 2366 577 2425 hie
605 2366 728 2441 quidam
756 2366 907 2424 coniciunt
936 2365 1017 2441 quod
1042 2365 1186 2424 Anchises

169 2456 305 2531 exemplo
338 2458 409 2531 equi
440 2456 546 2514 duetus
578 2474 632 2530 per
659 2474 748 2530 quem
775 2454 865 2529 periit
891 2456 1052 2530 imperium
1080 2454 1185 2514 Troiae

167 2544 409 2621 pronuntiaverit
433 2563 525 2620 equos
548 2546 622 2603 istos
644 2543 757 2602 bellum
782 2542 956 2620 significare.
1003 2543 1054 2602 sed
1076 2544 1186 2603 falsum

137 2652 154 2693 ce
168 2637 228 2708 est3
261 2634 345 2691 idem
377 2636 487 2710 quippe
519 2634 664 2691 iudicium
696 2651 783 2691 suum
815 2651 849 2691 ex
881 2633 1024 2692 interiore
1060 2634 1186 2691 scientia

167 2724 321 2799 prolatum
349 2725 486 2798 sequenti
513 2725 544 2781 et
571 2721 722 2781 contraria
749 2721 952 2796 disputatione
980 2721 1119 2782 dissolvit
1142 2722 1184 2779 di·

169 2812 261 2871 cendo
289 2803 340 2871 scd
364 2816 460 2871 icccc
484 2813 561 2871 idem
584 2811 653 2870 otim
676 2812 938 2871 ecrrcscccecere
960 2813 1035 2870 sceti
1057 2812 1186 2884 quocirc-

162 2903 255 2974 pedes
279 2904 306 2958 et
326 2903 414 2975 frenc
438 2904 506 2975 icqo
535 2901 689 2959 concordia
716 2901 807 2973 ferre:
846 2918 1069 2976 nonnumquam
1101 2899 1186 2974 solet,

167 2990 278 3065 inquit,
301 2989 357 3049 hoc
382 2990 558 3049 animalium
581 3007 674 3067 genus
698 2992 728 3048 et
752 2988 790 3048 ad
813 3007 930 3047 currum
954 2989 1040 3065 iungi
1062 2991 1093 3047 et
1115 2990 1186 3067 iuga

240 3215 411 3302 tproiectae
428 3213 481 3266 th
499 3213 541 3266 ed.
629 3214 792 3282 trupitquc
810 3212 835 3264 R
854 3227 922 3266 corr.
941 3230 962 3265 r.
1051 3212 1116 3264 tic
1134 3211 1186 3264 LR

168 3293 193 3341 ct
211 3288 243 3340 icc
262 3303 292 3338 r.
314 3288 318 3355 Ι
343 3285 445 3339 ducitis
463 3284 488 3336 R
508 3301 576 3338 corr.
596 3302 618 3337 r.
693 3282 999 3338 licomltaddr.
1022 3283 1186 3351 'tundentis

169 3359 209 3422 (et
227 3356 313 3427 infra)
332 3356 414 3425 Lu!
438 3357 593 3410 latccimcm
611 3353 663 3407 LR
682 3357 727 3424 (ex
744 3356 860 3423 interpr·
881 3354 1003 3423 irrepsit)
1023 3355 1186 3409 latissimum

170 3428 272 3482 deinde
292 3428 344 3482 late
364 3444 432 3481 corr.
446 3427 478 3481 r'.
535 3433 567 3480 12
587 3428 680 3480 omnic
700 3426 752 3478 LR
771 3443 861 3480 omnes
878 3445 893 3480 r
912 3426 954 3480 ed.
970 3427 1074 3494 (potest
1092 3426 1186 3479 omma

169 3517 218 3567 pro
238 3500 351 3569 municio
370 3498 498 3568 posuisse
513 3498 550 3550 ad
565 3496 725 3566 exemplum
733 3497 855 3567 Vergilii
869 3502 893 3563 4,
905 3499 975 3566 558).
1035 3501 1067 3551 13
1086 3496 1186 3551 colores

169 3573 242 3625 nicei
256 3569 309 3622 LR
323 3586 391 3623 corr.
407 3569 430 3622 r'
444 3571 530 3624 colore
548 3571 627 3623 niceo
641 3568 707 3621 edF.
769 3574 802 3621 14
821 3576 852 3623 ct
865 3569 917 3621 th
936 3576 960 3623 ct
979 3567 1021 3621 ed.
1037 3570 1066 3622 et
1085 3566 1185 3637 optimi

169 3640 251 3712 Verg.
271 3640 347 3694 libri.
416 3648 450 3695 20
469 3659 525 3710 qua
543 3640 595 3694 LR
614 3640 687 3709 quod
706 3639 749 3694 ed.
814 3646 847 3695 ‘l'i
869 3639 994 3709 fidentii
1014 3640 1115 3712 itidem
1131 3655 1205 3689 eum

171 3728 221 3767 ras.
239 3714 273 3765 R.
296 3712 306 3782 )
332 3714 468 3767 succedere
484 3712 546 3767 th.
