2734 4159
94 374 102 385 ,
199 320 278 375 XXII
604 318 809 374 PRAEFATIO

202 490 311 549 codicis
334 490 480 567 ligamina
503 490 614 562 liceret,
636 488 755 548 facilius
778 492 1032 566 cognoscerentur.
1069 508 1140 549 nam
1158 489 1219 548 dis-

201 579 367 638 similitudo
394 578 449 636 illa
477 597 555 654 quae
582 577 659 638 solet
682 595 746 637 esse
768 579 848 637 inter
870 578 951 637 latus
974 578 1104 653 pilosum
1126 597 1218 638 mem·

201 668 364 727 branarum
386 671 416 727 et
439 667 576 744 glabrum
600 666 677 725 nihil
700 667 749 725 hic
771 666 901 741 proficit,
930 667 1001 743 quia
1027 666 1218 726 membranae

200 758 304 833 utpote
342 756 466 835 originis
500 755 633 816 Gallicae
670 747 712 836 (v.
741 755 955 830 wattenbach,
993 749 1219 816 Schriftwesen³

200 866 230 922 p.
254 845 316 903 116
332 836 390 926 sq.)
422 846 572 921 utrimque
605 844 730 904 abrasae
762 847 792 903 et
824 846 992 921 pumicataa
1025 844 1220 923 dignoscendi

200 934 378 994 facultatem
405 935 581 1011 plerumque
609 953 669 993 non
697 933 840 1009 praebent
868 935 898 993 et
926 933 1066 993 librarius
1095 934 1219 994 solitum

201 1023 379 1099 disponendi
397 1023 530 1083 ordinem
553 1016 595 1104 (v.
610 1023 706 1096 Blass,
725 1022 842 1082 Handb.
862 1022 889 1081 d.
908 1024 998 1082 klass.
1018 1022 1079 1084 Alt.
1094 1023 1184 1083 Wiss.
1203 1024 1220 1083 I

200 1132 229 1189 p.
246 1104 325 1192 343)
349 1132 409 1172 non
432 1113 611 1173 observavit.
659 1112 818 1186 aliquoties
842 1113 930 1187 enim,
958 1112 1009 1170 ubi
1033 1113 1219 1173 discernendi

201 1203 336 1277 potestas
358 1207 411 1276 est,
431 1202 640 1277 quaterniones
660 1220 677 1259 a
696 1201 790 1260 latere
808 1200 906 1275 piloso
924 1201 1055 1277 incipere
1074 1201 1218 1262 videmus.

199 1292 345 1350 ternionis
368 1292 451 1349 XXX
482 1309 622 1350 numerus
654 1290 727 1348 folio
753 1291 830 1364 222,
863 1290 961 1349 XXXI
991 1290 1064 1349 folio
1089 1292 1153 1349 232
1187 1290 1220 1349 in

201 1380 282 1439 calce
309 1380 446 1455 adpictus
473 1383 530 1453 est,
557 1382 594 1438 ut
616 1380 665 1439 hic
688 1378 845 1455 quaternio
868 1378 969 1438 decern
992 1380 1133 1438 foliorum
1156 1398 1219 1440 esse

201 1469 346 1529 videatur.
399 1470 451 1528 sed
484 1469 610 1528 duorum
641 1469 782 1527 foliorum
818 1468 921 1527 ordine
957 1467 1115 1528 verborum
1151 1473 1220 1544 post

200 1559 307 1616 folium
332 1559 395 1616 232
419 1557 647 1618 inserendorum
668 1556 855 1630 membrana,
883 1576 960 1633 quae
983 1576 1043 1616 una
1066 1559 1161 1617 restat
1184 1577 1219 1615 ex

202 1645 396 1723 quaternione
420 1647 541 1719 XXXII,
563 1666 618 1723 per
641 1665 770 1707 errorem
793 1645 838 1704 ita
860 1649 929 1722 post
950 1646 1058 1705 folium
1083 1648 1146 1706 222
1173 1648 1219 1705 in-

200 1737 298 1813 ligata
321 1738 380 1809 est,
403 1739 438 1794 ut
460 1735 719 1808 bibliothecam,
750 1736 803 1810 qui
825 1735 913 1813 ligati
937 1736 1047 1795 codicis
1069 1735 1143 1794 folia
1166 1755 1220 1793 nu·

201 1826 338 1899 metavit,
362 1826 425 1883 223
450 1829 480 1884 et
504 1827 569 1884 224
592 1825 779 1901 inscripserit
803 1824 926 1884 adiectis
952 1826 985 1883 in
1011 1826 1145 1903 margine
1174 1826 1218 1883 in-

201 1915 308 1973 feriore
345 1913 521 1973 restituendi
559 1914 671 1973 ordinis
709 1931 799 1971 causa
835 1913 945 1972 litteris
982 1914 1035 1971 FF
1064 1912 1121 1972 GG
1146 1914 1218 1971 HH.

201 2003 311 2063 accidit
332 2004 359 2063 is
383 2021 474 2077 error,
496 2022 564 2063 cum
587 2004 647 2061 iam
671 2002 875 2078 quaternionis
894 2002 1008 2061 XXXII
1029 2003 1127 2062 maior
1148 2022 1219 2079 pars

202 2094 349 2169 periisset.
387 2092 574 2170 desideratur
596 2093 676 2151 enim
699 2093 768 2167 post
790 2091 896 2149 folium
917 2093 990 2166 232,
1014 2092 1218 2168 quaternionis

200 2181 300 2240 XXXI
322 2181 471 2257 ultimum,
494 2181 704 2257 interpretatio
727 2197 867 2239 versuum
886 2182 938 2254 44,
961 2182 1097 2256 sequitur
1115 2181 1220 2241 verbo-

200 2289 269 2329 rum
287 2270 390 2329 ordine
413 2272 602 2330 1011001223
627 2290 768 2331 versuum
789 2271 828 2327 25
853 2270 1133 2345 interpretationem
1151 2289 1219 2330 con-

200 2358 308 2432 tinens,
331 2358 469 2436 deinceps
493 2360 680 2421 desideratur
701 2360 910 2433 interpretatio
933 2378 1073 2418 versuum
1098 2360 1148 2434 66,
1175 2377 1219 2418 se-

202 2448 305 2523 quitur
322 2447 428 2507 folium
448 2451 512 2508 224
532 2469 672 2509 versuum
693 2449 734 2507 28
759 2447 1038 2523 interpretationem
1056 2449 1219 2523 continens,

200 2539 352 2611 postremo
385 2537 467 2597 deest
499 2557 640 2598 versuum
665 2539 706 2597 65
734 2538 957 2611 interpretatio:
989 2538 1059 2597 hinc
1092 2537 1221 2597 efficitur

201 2644 318 2686 summa
349 2645 491 2686 versuum
515 2629 592 2702 228,
626 2646 686 2704 qua
717 2644 794 2706 unus
826 2627 963 2702 expletur
992 2627 1149 2702 quaternio
1178 2627 1220 2685 sic

201 2713 402 2790 disponendus
431 2718 460 2774 0.
484 2719 513 2775 0.
539 2718 611 2776 223.
635 2719 665 2777 (1.
690 2719 718 2776 0.
744 2717 817 2773 224.
840 2718 914 2775 0.0
970 2735 1037 2775 cum
1069 2718 1149 2775 enim
1182 2715 1220 2774 ad

495 2796 847 2906 Q

201 2945 292 3005 finem
315 2965 480 3021 properans
505 2948 641 3007 Donatus
664 2949 822 3007 10110232
849 2951 899 3022 29,
922 2948 1003 3007 foliis
1022 2949 1085 3006 233
1106 2949 1136 3006 et
1155 2948 1219 3005 235

203 3036 246 3093 30
270 3053 374 3094 versus
397 3035 587 3113 Vergilianos
611 3036 787 3112 absolverit,
810 3038 885 3096 nihil
909 3036 1009 3097 obstat
1032 3038 1105 3111 quin
1132 3036 1220 3095 huius

203 3125 407 3199 quaternionis
435 3124 494 3184 duo
521 3125 595 3184 folia
622 3126 721 3185 media
746 3127 810 3201 66‚·
829 3126 888 3185 duo
915 3125 1023 3184 ultima
1053 3125 1093 3182 65
1117 3143 1220 3184 versus

202 3214 357 3289 complexa
379 3214 447 3274 sint
493 3216 639 3274 iactmam
667 3219 770 3274 autem
796 3216 828 3273 in
856 3217 921 3291 ipso
950 3213 1049 3272 codice
1073 3213 1220 3273 Vaticano

202 3302 316 3361 factam
339 3321 401 3362 esse
425 3302 495 3363 inde
518 3306 653 3379 apparet,
672 3303 752 3379 quod
775 3307 835 3363 tres
858 3304 906 3362 illi
927 3303 1028 3361 hiatus
1049 3302 1129 3360 inter
1146 3303 1221 3362 folia

203 3392 323 3468 integra
354 3391 549 3451 intercedunt.
600 3393 660 3451 fuit
692 3411 762 3471 ergo
795 3393 872 3451 olim
909 3392 1065 3468 quaternio
1098 3391 1221 3465 XXXII,

202 3481 289 3540 cuins
318 3500 386 3539 cum
414 3484 545 3540 extrema
573 3481 677 3540 charta
705 3500 845 3541 numerus
873 3499 991 3557 quoque
1015 3479 1152 3556 adpictus
1175 3483 1220 3540 in·

204 3570 296 3628 teriit.
334 3571 448 3647 excepit
471 3588 538 3628 eum
563 3572 672 3644 ternio;
696 3589 766 3628 narn
789 3573 859 3647 post
882 3571 1025 3645 quattuor
1048 3588 1124 3644 quae
1142 3588 1221 3629 nunc

188 3658 306 3715 ultrina
340 3677 405 3717 csse
437 3659 500 3717 diri
534 3659 608 3718 folia
637 3661 820 3718 233-236
859 3659 917 3718 duo
952 3661 1086 3735 suspicor
1118 3659 1219 3717 eadem
