2734 4159
591 350 774 406 iussuros
792 351 818 406 V
1148 349 1215 418 523

262 519 324 579 Hie
344 521 445 594 pubis
467 517 586 579 Aeneae
612 536 786 594 suspensam
812 521 924 580 blando
949 523 1077 581 mosam
1101 522 1215 596 putealia

188 611 389 684 pertemptant
414 612 552 668 mmor:
584 627 652 668 eum
674 609 747 668 haeo
769 608 888 669 Aeneae
912 612 1068 687 cumipse
1091 611 1214 689 naviga·

193 697 288 758 tionis
309 698 460 775 principio
482 700 702 776 provenissent,
726 716 760 756 ex
784 716 925 775 suspenso
950 702 980 758 et
1003 701 1104 760 saueio
1127 698 1214 759 viais-

195 787 327 847 situdine
348 805 492 865 prospera
513 786 546 845 in
569 786 713 866 gaudium
735 790 857 863 repente
880 790 1014 849 mutatus
1039 791 1091 849 est.
1137 790 1216 848 laser

168 878 277 937 sosias
308 878 403 936 onmis
434 876 526 936 uitelli
556 877 663 944 malos,
700 878 812 935 latendi
849 878 985 937 manebo
1016 879 1102 937 velia·
1139 878 1214 956 erigi

194 966 371 1025 ounotarnm
401 966 525 1024 navium
552 965 672 1026 arbores
699 964 783 1025 iubet
810 968 841 1024 et
866 968 935 1027 vela
962 968 1040 1026 solvi
1066 968 1213 1027 universa.

193 1072 258 1115 aoso
280 1071 380 1115 onmes
398 1056 491 1128 fecere
503 1056 623 1129 podera:
646 1055 734 1113 simul
754 1072 855 1115 omnes
874 1055 1009 1135 adgressi
1026 1059 1097 1116 sunt
1114 1056 1203 1117 iussa.
1214 1061 1263 1112 880

188 1145 361 1217 pariterque
382 1145 518 1203 mastos
538 1160 619 1203 mmo
640 1145 757 1202 destrae
778 1145 887 1203 solvere
909 1148 1006 1213 sinus,
1029 1163 1093 1205 aaa
1115 1147 1214 1206 ardna

193 1235 329 1307 torqueat
345 1248 457 1293 wroaa
474 1234 703 1305 retorqueamus,
726 1234 827 1306 feram
848 1251 905 1292 saa
927 1236 1053 1305 flammo
1078 1235 1214 1293 classem:

153 1342 180 1382 ro
193 1324 315 1379 tantum
346 1322 448 1398 potuit
477 1320 608 1381 iubentis
641 1324 818 1397 auotoritas,
850 1325 885 1381 ut
918 1323 1007 1382 simul
1039 1324 1214 1382 attollerent

193 1410 299 1486 malos,
321 1411 412 1470 simul
433 1411 501 1470 vela
524 1411 737 1487 suspenderent
759 1415 790 1470 et
813 1413 962 1489 oportuna
985 1412 1117 1471 facerent
1142 1431 1213 1472 ven·

192 1502 247 1574 tis,
276 1499 403 1575 deniqne
431 1499 553 1578 navigia
580 1501 682 1560 omnia
709 1498 830 1559 flatibus
857 1502 1007 1577 prosperis
1030 1500 1211 1561 ferebantur.

186 1591 330 1662 princeps
356 1592 425 1649 aaa
451 1590 545 1647 omnis
572 1590 696 1647 densum
717 1589 881 1648 Palinurus
904 1591 1008 1663 opedal
1029 1607 1147 1664 symea,
1172 1592 1213 1650 ad

191 1680 271 1737 burae
293 1677 347 1736 olli
370 1694 489 1737 eorsum
511 1679 679 1736 waterrdm
706 1680 795 1736 lassi:
826 1678 998 1754 Palinurus,
1028 1678 1106 1753 quod
1135 1682 1213 1739 esset

149 1787 178 1828 rs
191 1767 224 1824 in
252 1765 440 1844 gubernandi
467 1768 532 1825 arte
559 1766 772 1843 peritissimus,
800 1769 913 1845 primus
941 1768 1062 1827 tenebat
1085 1787 1212 1844 eursurnq

192 1856 284 1915 eeteri
311 1874 396 1929 vero,
425 1856 478 1932 qui
505 1857 537 1914 in
565 1855 633 1915 aliis
660 1855 788 1916 navibus
816 1858 948 1932 fuerant,
980 1858 1080 1933 ipsum
1108 1875 1212 1933 seque-

191 1944 316 2020 bantur3
338 1945 394 2003 boo
413 1945 493 2004 enim
510 1945 572 2004 illis
591 1945 693 2004 fuerat
710 1944 829 2004 Aeneae
848 1949 1008 2023 praecepto
1026 1946 1210 2005 mandatum.

190 2037 310 2108 lamae
336 2035 398 2106 fere
423 2036 551 2093 mediam
579 2034 651 2093 coeli
678 2052 737 2093 oea
763 2037 866 2094 amida
897 2040 1005 2095 maora
1032 2038 1264 2110 serperet-sss

190 2125 253 2182 iam
286 2124 364 2183 forte
396 2123 496 2182 media
526 2141 585 2181 nox
617 2122 776 2202 agebatur,
807 2143 878 2200 pars
911 2126 1021 2201 quippe
1054 2125 1117 2184 eius
1149 2126 1212 2183 iam

147 2232 177 2273 ao
190 2214 292 2271 fuerat
314 2214 475 2271 transacta.
520 2212 631 2272 ideireo
655 2212 773 2272 addidit
794 2212 865 2287 fere,
888 2216 923 2272 ut
946 2215 1133 2273 aestimantis
1158 2232 1210 2290 po-

190 2301 252 2360 tius
276 2304 354 2361 esset
377 2320 467 2376 quam
490 2300 611 2360 definite
633 2303 872 2378 pronuntiantis3
898 2305 976 2362 esset
998 2304 1078 2361 enim
1101 2304 1210 2362 vitium

189 2392 311 2466 poetae,
339 2390 365 2450 si
393 2391 490 2449 noetis
517 2393 649 2465 tempus,
678 2390 757 2466 quod
779 2389 894 2466 liquido
918 2391 978 2451 diei
999 2410 1059 2451 non
1082 2394 1210 2468 poterat,

191 2497 247 2554 pro
279 2478 439 2538 manifesto
472 2481 502 2538 et
538 2480 658 2558 cognito
694 2482 855 2555 poneretur
909 2482 1033 2554 placida
1070 2482 1213 2541 lassabant

190 2569 321 2628 menbra
352 2569 444 2640 quiae
475 2568 530 2626 sab
561 2569 650 2627 remis
681 2568 744 2641 fosi
765 2586 823 2642 per
849 2570 928 2630 dara
955 2570 1060 2629 seutella
1086 2574 1211 2630 adalae:

146 2676 176 2717 ss
191 2658 290 2716 toturn
312 2657 360 2717 his
383 2656 478 2715 dedit:
502 2656 699 2731 dormiebant,
716 2657 824 2733 inquit,
844 2656 917 2717 vieti
939 2660 1116 2719 necessitate
1136 2662 1209 2718 tem-

191 2746 273 2823 poris
297 2748 328 2805 et
349 2746 473 2821 laboris,
501 2745 653 2805 faciebant
675 2746 745 2819 boo,
771 2748 843 2822 quia
866 2748 933 2805 tutu
956 2748 1077 2807 fuerant
1100 2751 1209 2817 omnia,

191 2837 235 2894 sio
261 2837 377 2910 tamen,
404 2837 440 2894 ut
465 2834 585 2913 remigii
612 2834 846 2894 sollicitudinem
870 2855 930 2895 non
953 2838 985 2894 in
1007 2838 1106 2897 totum
1129 2836 1210 2896 vide·

189 2925 295 2983 rentur
317 2924 451 2983 omisisse
474 2942 529 2983 neo
551 2924 667 2983 delioiis
694 2924 853 2983 tradidisse
881 2943 1007 3001 eorpora
1034 2945 1102 3000 sua,
1130 2926 1210 3001 quod

189 3014 225 3071 fit
252 3031 320 3072 oum
348 3031 448 3072 secure
476 3012 636 3086 dormitur3
665 3030 736 3071 nam
763 3014 817 3072 sub
844 3014 918 3089 ipsis
945 3016 1034 3073 remis
1063 3019 1154 3090 atque
1177 3016 1210 3074 in

145 3122 176 3164 so
189 3100 311 3162 sedibus
334 3101 425 3177 duris,
451 3101 509 3161 hoo
531 3104 577 3161 est
599 3102 682 3160 nullo
706 3104 848 3161 stramine
871 3105 1031 3178 procurato
1054 3122 1117 3163 sese
1141 3123 1209 3180 pro²

188 3193 335 3266 ieoerant,
366 3193 402 3250 ut
437 3193 504 3267 ipsa
541 3193 619 3250 esset
654 3191 792 3265 refectio,
824 3191 850 3251 si
882 3192 1039 3268 paululum
1069 3198 1210 3268 saperent

189 3299 337 3356 somnum,
359 3282 498 3339 manente
523 3280 616 3338 officii
639 3279 840 3339 sollieitudine
863 3283 893 3339 et
917 3281 956 3340 ad
975 3283 1104 3341 insertos
1123 3300 1209 3343 ossus

263 3453 279 3501 3
289 3449 477 3517 pervenissent
485 3448 509 3501 R
518 3466 597 3519 prov.
608 3467 622 3501 r
632 3476 665 3494 =
676 3449 706 3503 L.
760 3455 775 3502 6
790 3451 933 3574 ηαυίὸίατη
943 3450 995 3503 LR
1004 3453 1119 3505 naviam
1128 3452 1171 3505 ed.

189 3525 224 3573 14
244 3536 327 3574 eursu
341 3519 401 3588 Lll,
416 3521 466 3573 sed
480 3520 517 3574 ad
532 3526 557 3589 3,
567 3525 619 3573 203
634 3538 745 3575 marsum
758 3521 835 3589 quod

187 3590 299 3660 recepit
316 3591 359 3645 ed.
433 3597 466 3645 18
485 3593 575 3657 media
594 3592 627 3645 R.
701 3598 735 3645 23
755 3593 888 3647 laeserant
906 3593 949 3646 ed.
1021 3598 1055 3647 30
1074 3611 1128 3649 esse
1143 3612 1209 3664 pro·

186 3664 313 3729 fecerant
329 3661 382 3715 LR
399 3679 454 3717 sese
468 3663 644 3732 proiecerant
660 3679 711 3717 nos
736 3663 780 3733 (of.
795 3667 857 3735 778)
877 3665 1012 3733 prostrati
1029 3671 1110 3719 eroat
1128 3666 1171 3720 ed.

188 3738 224 3787 32
243 3734 380 3788 somnium
399 3733 450 3787 LR
469 3750 567 3788 eornr
585 3733 628 3788 ed.
646 3736 650 3803 Ι
670 3734 709 3788 ud
727 3736 842 3791 lacertos
860 3735 913 3788 LR
930 3737 963 3790 io
981 3743 1065 3792 certos
1082 3737 1126 3791 ed.

875 3538 932 3592 erg.
947 3521 1013 3576 libri
1029 3522 1166 3592 praebent
1180 3527 1209 3578 et
