2734 4159
182 335 246 391 XIV
587 334 793 391 PRAEFATIO

183 503 365 582 „Coroebum
389 505 517 563 stultum
539 504 657 563 inducit
678 503 862 579 Euphorion,
886 523 974 580 quem
997 507 1028 563 et
1046 504 1202 581 Vergilius

182 595 317 669 sequitur
338 593 412 652 dans
436 594 465 651 ei
488 588 584 653 ‘dolus
608 612 647 653 an
669 595 775 668 virtus,
799 596 866 670 quis
889 594 922 652 in
945 594 1029 653 hoste
1051 590 1200 670 requirat'

183 675 292 763 (390),
320 700 387 741 cum
415 683 455 741 sit
481 684 580 759 turpis
603 682 672 741 dolo
696 683 834 758 quaesita
856 681 1009 758 uictoria‘t
1055 681 1135 757 quod
1162 682 1201 741 de

181 771 375 847 Euphorione
402 771 550 831 stultitiae
575 770 700 831 Coroebi
727 771 882 831 inventore
910 772 996 830 affert
1019 773 1200 831 commenta·

178 862 256 919 'toris
289 861 416 921 ahcuius
449 860 558 920 eruditi
590 861 757 920 doctrinam
789 861 904 920 redolet
937 879 1033 936 neque
1063 862 1097 918 in
1129 860 1201 920 aliis

182 951 245 1009 eius
268 949 389 1008 fabulae
412 949 549 1026 partibus
571 950 740 1029 Vergilium
763 950 964 1026 Euphorionis
988 950 1199 1009 auctoritatem

183 1041 316 1118 secutum
350 1057 412 1099 esse
443 1039 627 1117 negaverim:
663 1040 697 1097 in
724 1040 855 1099 stultitia
882 1041 961 1097 certe
988 1058 1048 1098 non
1078 1039 1201 1097 secutus

182 1130 240 1201 est,
272 1131 307 1186 ut
338 1130 399 1187 iam
431 1127 566 1203 Heynius
597 1128 629 1185 in
662 1145 786 1186 excursu
817 1128 844 1186 X
875 1128 1040 1187 rectissime
1071 1128 1199 1187 monuit.

180 1234 250 1275 nam
282 1236 378 1292 neque
410 1217 537 1276 stultum
567 1216 720 1293 Vergilius
754 1215 919 1277 Coroebum
955 1216 1070 1276 inducit
1100 1235 1200 1292 neque

180 1306 272 1365 verba
297 1306 353 1364 illa
380 1324 485 1366 versus
509 1307 582 1365 390Ι
603 1306 690 1365 stulti
717 1306 846 1365 hominis
874 1324 936 1365 esse
959 1305 1107 1366 videntur.
1153 1309 1201 1365 est

180 1394 246 1470 hcc,
268 1399 304 1454 nt
324 1394 404 1454 idem
427 1394 563 1470 Heynins
586 1394 668 1468 dicit,
692 1393 787 1453 Servii
811 1388 1019 1469 commentum,
1042 1393 1094 1471 qni
1118 1395 1199 1470 quod

181 1484 347 1561 generatim
370 1483 406 1543 de
429 1483 630 1559 Euphorionis
652 1484 823 1542 imitatione
843 1485 958 1561 legerat
976 1501 1048 1543 suae
1066 1482 1198 1543 fabricae

180 1575 356 1651 argumento
385 1572 538 1632 illustrare
568 1572 691 1632 studuit.
742 1575 828 1649 atqui
854 1572 991 1632 Donatus
1019 1572 1057 1630 ad
1084 1591 1115 1632 v.
1132 1572 1197 1632 388

179 1661 253 1720 haec
280 1661 453 1737 adscripsit:
490 1665 595 1737 „turpe
623 1665 723 1721 antem
751 1682 811 1721 non
839 1680 901 1721 esse
928 1661 1048 1721 insidiis
1079 1661 1197 1720 hostem

179 1752 298 1809 vincere
322 1752 354 1809 et
374 1750 542 1827 periculum
564 1768 705 1827 praesens
727 1751 831 1809 docere
850 1749 953 1810 debuit
972 1753 1002 1809 et
1020 1753 1141 1825 captum
1160 1750 1199 1810 de

179 1837 300 1899 Graecis
314 1838 507 1915 exemplum“.
541 1857 612 1916 ergo
627 1838 725 1899 Servii
743 1859 808 1898 eum
828 1839 920 1899 verba
939 1841 1000 1899 suis
1019 1840 1198 1917 impugnare

179 1930 231 1987 vix
253 1930 352 1988 faeere
369 1930 533 2005 poterimus
553 1929 626 2003 quin
645 1927 849 1987 confiteamur.
886 1928 994 2005 quodsi
1011 1930 1043 1986 in
1061 1928 1118 1986 hoc
1136 1947 1197 1988 uno

179 2019 313 2094 exemplo
342 2036 409 2076 eum
433 2016 529 2077 Servii
555 2036 717 2076 memorem
743 2018 834 2077 fnisse
862 2018 1104 2091 concesserimus,
1131 2016 1198 2077 fieri

178 2106 235 2166 hoc
252 2109 386 2183 potuisse
404 2105 626 2165 concedendum
645 2108 703 2165 erit
722 2106 849 2183 triginta
867 2107 929 2165 fere
947 2106 1009 2165 illis
1026 2106 1101 2165 locis
1122 2125 1196 2181 quos

179 2215 216 2255 ne
243 2195 424 2256 Burckasius
457 2195 577 2272 quidem
609 2199 640 2254 et
666 2195 817 2272 Hoppius,
850 2213 1031 2272 quamquam
1064 2194 1196 2271 opinatis

177 2284 345 2344 rationibus
371 2286 536 2344 transversi
563 2285 633 2343 sunt
655 2286 731 2360 acti,
760 2284 800 2342 ad
823 2283 960 2344 Servium
981 2284 1087 2343 referri
1108 2302 1196 2360 posse

177 2376 369 2451 negaverunt.
416 2393 451 2433 ex
475 2373 583 2450 quibus
606 2394 700 2433 unnm
722 2392 886 2432 memorare
909 2372 981 2432 satis
1007 2373 1110 2432 habeo.
1157 2374 1195 2433 ad

180 2464 213 2537 2¹,
239 2464 257 2521 9
291 2463 427 2521 Donatus
460 2463 597 2523 adnotat:
635 2463 734 2539 „quod
767 2464 811 2521 ait
844 2457 886 2521 ‘et
917 2464 979 2522 iam
1006 2481 1064 2521 nox
1092 2462 1196 2522 umida

178 2552 261 2611 caelo
289 2546 480 2627 praecipitat’
581 2552 720 2611 nonnulli
748 2554 791 2612 sic
812 2552 1005 2630 intellegunt:
1029 2570 1087 2610 nox
1109 2570 1195 2627 prae-

179 2642 323 2716 cipitatur
351 2640 432 2699 caelo
461 2644 491 2700 et
518 2644 699 2718 praecipitat
726 2643 857 2718 positum
885 2660 939 2717 pro
969 2640 1194 2717 praecipitatur.

178 2730 229 2789 sed
252 2748 313 2788 non
335 2731 380 2788 ita
404 2727 465 2788 est‘
489 2732 544 2788 ete.
580 2730 774 2805 quibuscum
792 2729 891 2789 verbis
910 2732 937 2790 si
955 2731 1116 2790 contuleris
1134 2749 1194 2789 non

176 2819 296 2878 tantum
323 2817 404 2894 quod
430 2818 470 2876 ad
497 2818 621 2878 eundem
649 2838 768 2878 versum
792 2819 911 2879 Servius
939 2819 1064 2879 adnotat
1091 2837 1194 2896 „prae-

177 2908 285 2984 cipitat
306 2926 361 2983 pro
383 2908 608 2983 praecipitatur,
631 2909 756 2967 verbum
778 2928 832 2985 pro
856 2909 954 2984 verbo,
980 2912 1014 2967 ut
1038 2906 1194 2983 diximus“,

177 2997 343 3056 sedetiam
367 3014 443 3072 qnae
466 2997 502 3054 de
525 2995 636 3056 haere
658 2998 750 3058 latius
774 2998 909 3073 disputat
932 2996 970 3055 ad
995 2999 1112 3072 1‚104,
1141 3000 1194 3073 qui

177 3086 259 3145 locus
282 3088 313 3144 et
330 3085 528 3144 Burckasium
552 3088 583 3144 et
600 3084 755 3161 Hoppium
772 3088 861 3165 fugit,
881 3085 1018 3145 Servium
1036 3103 1054 3143 a
1072 3083 1192 3145 Donato

176 3176 349 3253 impugnari
376 3176 424 3234 vel
451 3174 520 3233 hinc
543 3176 607 3234 veri
629 3175 728 3234 simile
750 3174 909 3234 videbitur.
956 3174 1070 3233 accedit
1092 3178 1193 3234 autem

177 3264 259 3340 quod
277 3263 413 3323 Donatus
432 3266 465 3322 in
483 3263 586 3322 eodem
605 3262 794 3322 difficultatis
812 3282 928 3341 genere,
945 3261 999 3321 ubi
1018 3261 1193 3323 Servianum

178 3354 457 3429 interpretationem
475 3355 588 3411 evitare
606 3370 693 3429 posse
712 3351 770 3411 sibi
788 3352 915 3427 videtur,
937 3354 1039 3427 1,104
1054 3370 1193 3428 „proram

177 3441 305 3501 avertit‘
329 3445 433 3501 contra
456 3440 594 3501 Servium
621 3441 695 3519 legit
722 3445 752 3501 et
777 3444 827 3516 11,
843 3442 907 3500 660
930 3439 1116 3519 „bellantur“
1138 3461 1193 3517 per

176 3533 278 3607 „ipsae
301 3528 485 3607 pulsantur“,
509 3549 579 3609 ergo
602 3530 730 3607 passive,
752 3549 812 3589 non
835 3533 870 3588 ut
893 3529 1012 3591 Servius
1036 3550 1090 3607 pro
1114 3529 1192 3606 „bel-

165 3618 259 3675 lant“
285 3620 431 3694 explicat,
458 3623 491 3679 at
519 3621 553 3688 6,
572 3620 637 3680 800
665 3618 796 3679 eiusdem
824 3618 921 3677 Servii
949 3619 1102 3694 „turbant
1129 3624 1191 3678 tur·

147 3698 294 3776 bantur&
320 3710 396 3779 quia
420 3712 541 3769 euitare
564 3729 626 3772 non
649 3711 761 3791 potest,
782 3728 821 3769 ne
842 3707 932 3769 uerbo
951 3708 1070 3785 quidem
1090 3708 1191 3769 addito
