2734 4159
561 326 768 382 PRAEFATIO
1135 325 1174 380 IX

156 499 307 572 sumptum
340 496 436 555 fertur
468 514 504 554 ex
534 496 630 556 veteri
667 496 893 569 consuetudine,
930 496 1041 557 sicuti
1076 498 1175 554 retro

156 585 393 659 meminimus,
419 605 455 643 ex
477 603 560 644 more
582 583 746 659 iudicum“‚
774 603 833 644 non
858 584 896 643 ad
919 583 1061 643 amissum
1084 603 1175 659 quen-

157 674 226 733 dam
248 674 530 751 interpretationum
554 675 653 733 locum
676 673 864 733 referendum
887 676 941 748 est,
959 673 1011 733 sed
1032 673 1071 732 ad
1089 692 1174 750 supe-

155 763 265 823 riorem
293 762 406 822 Donati
433 764 526 822 vitam
560 754 612 843 (cf.
636 762 752 837 ‚petro“
778 765 806 837 7,
826 754 920 843 474):
956 765 1049 822 semet
1075 763 1175 838 ipsum

156 851 308 929 quondam
329 853 363 910 in
385 852 505 912 iudiciis
527 855 679 912 versatum
703 871 766 912 esse
789 851 876 925 dicit,
904 871 1030 928 quorum
1053 870 1175 911 consue·

155 941 271 1001 tudinis
295 960 325 1000 se
348 943 479 1016 peritum
502 943 593 1001 etiam
624 945 652 1015 1,
672 942 736 1001 506
766 942 905 1000 ostendit.
951 941 1003 1001 sed
1025 944 1061 1000 ut
1083 940 1174 1010 Quin·

155 1030 283 1089 tilianus
307 1029 344 1088 ab
368 1029 485 1089 actione
508 1031 621 1091 forensi
643 1030 682 1090 ad
710 1030 826 1091 scholas
853 1030 1004 1090 habendas
1031 1032 1174 1090 transisse

154 1119 286 1193 videtur,
309 1120 336 1179 si
358 1120 479 1195 quidem
501 1120 558 1178 hoo
579 1138 640 1178 non
662 1123 773 1179 temere
796 1140 824 1178 v.
839 1119 866 1177 d.
881 1119 1004 1178 Hoeven
1023 1138 1058 1178 ex
1075 1120 1175 1179 verbis

155 1209 218 1269 illis
240 1209 387 1285 prooemii
405 1230 434 1285 p.
451 1211 471 1267 4
490 1208 569 1268 effici
586 1209 653 1267 vult
671 1207 858 1286 „Vergilium
876 1227 936 1268 non
954 1208 1174 1286 grammaticos,

156 1298 208 1358 sed
228 1297 361 1357 oratores
379 1299 555 1374 praecipuos
573 1297 691 1357 madere
710 1289 907 1378 debuisse“.¹)
937 1297 1040 1356 eodem
1058 1301 1175 1373 spectat

157 1387 238 1463 quod
261 1388 321 1445 alio
339 1388 486 1463 prooemii
503 1388 568 1446 loco
586 1407 615 1462 p.
632 1389 650 1445 6
671 1387 856 1466 „Vergiliani
875 1387 1014 1446 carminis
1032 1386 1175 1446 lectorem

156 1478 313 1537 rhetoricis
336 1478 504 1553 praeceptis
522 1475 632 1536 instrui
650 1475 754 1553 posse“
774 1475 855 1535 dicit.
893 1494 1018 1551 cumque
1038 1475 1175 1535 Donatus

157 1566 228 1625 stilo
255 1565 430 1643 plerumque
456 1566 521 1640 ipse
549 1584 621 1625 usus
648 1566 861 1625 declamatorio
886 1584 946 1624 uno
969 1566 1035 1625 loco
1062 1567 1089 1639 7,
1109 1566 1173 1625 359

117 1677 119 1681 ·
157 1657 231 1715 satis
259 1657 411 1714 extensam
441 1654 690 1714 declamationem
717 1655 844 1713 Amatae
872 1654 1030 1713 conubium
1055 1654 1174 1713 Aeneae

157 1743 358 1804 dissuadentis
373 1762 548 1818 componere
562 1763 622 1803 non
636 1742 829 1819 dubitaverit,
843 1747 923 1803 recte
936 1743 967 1802 id
982 1764 1008 1803 v.
1018 1744 1175 1803 d.Hoeven

157 1834 309 1892 hominem
336 1832 462 1909 prodere
486 1833 644 1892 rhetoricis
667 1832 815 1892 exercitiis
840 1836 991 1893 assuetum
1013 1832 1174 1892 contendit.

157 1922 233 1980 mihi
260 1921 381 1997 quidem
405 1923 606 1998 praeceptoris
629 1922 801 1982 scholastici
823 1923 879 1981 hoc
903 1941 1021 1998 quoque
1045 1940 1107 1981 esse
1131 1922 1174 1980 vi-

158 2010 254 2085 detur,
273 2010 353 2086 quod
375 2012 408 2069 in
430 2012 583 2086 prooemio
606 2012 672 2087 μδ
698 2029 765 2071 cum
789 2012 864 2071 alios
887 2012 1039 2085 „diversae
1062 2011 1174 2086 profes-

158 2100 251 2159 sionis
270 2102 300 2158 et
317 2100 502 2160 diversarum
525 2102 686 2160 sectatores
706 2099 834 2159 artium“
852 2103 884 2158 in
903 2100 1042 2173 Aeneide,
1061 2099 1176 2158 scilicet

158 2206 229 2248 suae
256 2186 514 2264 interpretationis
542 2189 667 2264 auxilio,
698 2192 872 2248 inventuros
903 2190 1051 2249 declamat
1078 2188 1175 2265 „quod

158 2275 302 2351 discant‘,
319 2283 384 2336 tum
403 2280 501 2352 „cives
525 2280 654 2354 optimos
678 2283 709 2338 et
726 2281 843 2356 patriae
862 2279 1095 2355 spectatissimos
1114 2279 1174 2337 cul·

157 2365 257 2426 tores“
285 2369 315 2426 et
343 2368 414 2442 „qui
443 2386 474 2426 se
507 2370 611 2444 aptent
642 2368 680 2426 ad
713 2367 835 2428 deorum
867 2367 982 2426 cultum
1013 2368 1175 2443 futuraque

158 2454 307 2515 noscenda
329 2456 502 2534 magisterio
526 2458 589 2515 eius
612 2457 721 2516 instrui
744 2456 857 2532 posse“.
894 2458 1003 2515 mirum
1027 2459 1106 2516 enim
1130 2459 1175 2515 est

159 2547 306 2620 quantum
332 2544 406 2604 haec
433 2563 499 2604 cum
529 2547 567 2604 iis
591 2549 757 2623 congruant
780 2565 855 2621 quae
880 2544 994 2605 Statius
1016 2548 1048 2604 in
1072 2545 1175 2604 eadem

160 2653 251 2709 quem
281 2652 373 2710 supra
403 2636 569 2694 memoravi
600 2636 677 2693 silva
708 2655 736 2694 v.
762 2637 825 2693 176
842 2655 905 2711 sqq.
936 2634 971 2693 de
1004 2636 1100 2711 patris
1129 2636 1175 2692 sui

159 2722 260 2783 schola
282 2723 453 2800 praedicat:
475 2742 561 2797 „mox
585 2726 615 2782 et
633 2724 810 2783 Romuleam
834 2726 957 2800 stirpem
980 2742 1174 2799 proceresque

159 2812 276 2871 futuros
303 2813 427 2872 instruis
449 2814 541 2888 inque
564 2816 686 2888 patrum
708 2814 837 2891 vestigia
860 2814 966 2872 ducere
988 2811 1121 2889 perstas“
1145 2816 1176 2870 et

159 2919 262 2974 „arma
288 2901 431 2977 probatus
461 2903 637 2961 monstrasti
664 2900 754 2961 Saliis
785 2921 1021 2981 praesagumque
1054 2903 1175 2961 aethera

159 2992 234 3049 certi
265 2989 446 3069 auguribus“
478 2995 533 3050 etc.
567 2983 617 3071 (cf.
640 2991 775 3050 Vollmer
801 3012 830 3068 p.
854 2984 942 3072 541).
989 3011 1006 3050 a
1037 2991 1174 3050 lautioris

158 3080 240 3139 vitae
268 3080 399 3139 moribus
427 3100 495 3139 eum
522 3099 583 3139 non
612 3080 742 3139 alienum
769 3081 861 3141 fuisse
889 3099 955 3140 oum
982 3081 1099 3156 reliqua
1122 3080 1175 3138 Di·

160 3168 246 3227 donis
274 3168 404 3232 convivii
431 3169 592 3245 descriptio
614 3172 681 3227 tum
704 3188 782 3228 unus
804 3170 886 3230 locus
912 3174 940 3243 1,
957 3170 1019 3228 638
1045 3170 1176 3229 ostendit

160 3250 369 3339 (cf.8‚180).
415 3259 570 3336 religionis
595 3258 782 3318 Christianae
807 3280 844 3318 ne
871 3260 1026 3318 minimam
1055 3258 1175 3334 quidem

158 3346 300 3426 notitiam
322 3348 466 3423 praefert3
495 3365 567 3406 nam
590 3347 671 3423 quod
697 3350 747 3423 10,
768 3349 830 3407 325
855 3347 891 3406 de
915 3347 1091 3423 ‚execrabili
1114 3366 1175 3407 sce-

232 3501 259 3569 1)
278 3499 460 3569 quamobrem
479 3498 561 3553 valde
579 3500 666 3552 miror
686 3499 761 3569 quod
781 3498 934 3554 Schanzius
954 3498 1053 3552 Gesch.
1069 3498 1174 3552 drom.

160 3571 425 3640 Lit.1v‚1p.1es
448 3572 603 3637 Donatum,
626 3570 876 3640 grammaticorum
903 3570 999 3640 palam
1029 3569 1176 3623 inimicum

160 3643 205 3711 (cf.
224 3658 348 3712 prooem.
370 3650 393 3708 1,
405 3648 446 3695 lt.
467 3648 526 3696 1⁷9.
546 3647 572 3711 4,
583 3648 643 3697 625.
667 3648 720 3712 Μ
736 3642 795 3715 alh,
816 3643 893 3700 inter
913 3641 1125 3715 grammaticus
1137 3656 1194 3706 pu-

158 3714 215 3767 tins
232 3730 315 3780 quam
332 3714 408 3767 inter
421 3714 551 3771 rhetores
570 3720 733 3776 enumerat.
