2734 4159
196 325 262 389 590
419 334 421 338 '
476 324 616 379 DONATI
633 322 801 384 INTERPR.
821 322 928 379 VERG.

194 511 250 567 qne
275 496 421 566 potentem
451 497 594 567 inposuit:
631 497 661 553 et
691 495 813 553 servitio
842 495 974 569 potentis
1001 494 1116 553 domini
1143 512 1212 553 suos

195 584 292 641 omnis
311 581 439 658 addixit,
457 585 553 643 victos
571 585 682 659 quippe
702 582 857 642 servitium
875 581 1017 657 sequitur.
1053 584 1121 655 sealt
1138 584 1213 656 lepos

189 674 285 746 pretio
308 676 393 745 alane
415 674 526 745 reficit:
556 671 985 747 oonuptioncfinterveniente
1007 671 1213 747 praemiorum

195 760 271 820 alias
294 761 441 821 conscribi
462 762 543 839 leges
562 760 660 821 effecit
682 763 713 819 et
736 761 811 820 alias
834 761 989 820 removeri.
1024 761 1128 836 quales
1149 779 1213 820 esse

148 880 161 893 1·
194 852 357 925 potuerrmt
389 868 463 925 quas
495 849 611 909 ferebat
641 849 793 908 inimicust
838 851 885 909 ln‘c
914 850 1074 908 thalamum
1102 851 1215 909 incasit
1240 869 1252 911 s

193 943 282 997 name
299 941 453 1012 oenwsqae
470 940 656 1013 hymenaeos:
678 939 737 1012 hic,
755 939 864 1014 inquit,
883 941 988 999 oontm
1005 939 1073 997 iura
1089 938 1214 1014 publica
1291 983 1292 1010 2

193 1027 349 1106 legemque
371 1031 498 1087 natiuae
520 1027 600 1086 filiae
624 1027 798 1088 concubitus
821 1028 941 1088 invasit.
979 1027 1058 1102 quod
1076 1026 1212 1087 libidinis

194 1134 288 1194 genus
315 1115 373 1176 iste
399 1118 603 1192 praetermisit
629 1118 682 1193 qui
708 1118 741 1175 in
768 1116 899 1176 nefarios
932 1120 1021 1176 natae
1050 1117 1212 1193 conplexus

193 1205 369 1281 inprovidus
404 1203 488 1264 ruit?
540 1208 601 1264 iam
638 1206 777 1282 specialis
813 1207 947 1265 narratio
978 1204 1126 1281 producta
1157 1225 1213 1282 per

193 1294 304 1354 multos
327 1296 440 1354 faceret
456 1294 601 1353 maiorem
618 1294 847 1370 properantibus
865 1314 994 1354 moram:
1017 1295 1154 1372 confugit
1173 1294 1212 1354 ad
1226 1314 1251 1355 rr

193 1383 421 1460 generalitatem
454 1383 554 1442 dicens
586 1387 655 1443 ansi
687 1400 785 1443 onnes
815 1386 934 1443 inmane
964 1386 1051 1458 nefas
1082 1400 1212 1456 amoene

187 1475 288 1546 potiti:
312 1492 421 1548 omnes,
443 1474 553 1548 inquit,
575 1472 628 1532 isti
650 1473 835 1532 nefariorum
857 1472 1001 1533 scelerum
1024 1471 1068 1531 rei
1090 1474 1212 1532 suntet

193 1560 338 1637 quicquid
361 1560 493 1638 adgressi
517 1564 588 1621 sunt
610 1564 806 1637 perfecerunt.
853 1581 921 1621 oum
944 1560 1017 1621 dicit
1040 1579 1152 1636 omnes,
1181 1564 1212 1620 et

192 1650 261 1710 illos
279 1651 383 1727 tetigit
400 1667 475 1726 quos
493 1649 658 1727 designatis
677 1650 852 1710 criminibus
870 1652 979 1727 posuit.
1017 1652 1117 1709 omnia
1134 1650 1211 1709 haec

191 1758 355 1815 poenarum
379 1743 409 1797 et
432 1739 588 1797 criminum
612 1759 722 1817 genera
745 1740 897 1817 Vergilius
920 1758 980 1798 non
996 1739 1134 1799 'inaniter
1156 1758 1210 1815 po·
1226 1759 1253 1801 ro

192 1828 265 1903 suit,
289 1847 385 1902 neque
409 1830 488 1887 enim
510 1828 543 1887 id
567 1830 692 1903 curavit,
711 1832 746 1887 ut
764 1829 934 1887 ostenderet
951 1846 981 1888 sc
1001 1846 1105 1887 aurare
1123 1832 1211 1888 actus

191 1918 332 1992 infernos,
346 1917 397 1976 sed
410 1920 445 1976 ut
459 1918 675 1992 suppliciorum
691 1921 773 1980 metu
792 1918 831 1976 ad
848 1917 942 1977 bonos
960 1936 1056 1978 mores
1075 1917 1212 1996 singulos

192 2026 325 2082 quosque
344 2010 530 2066 converteret
548 2010 578 2065 et
596 2009 730 2083 apertius
749 2006 831 2066 docti
848 2008 958 2066 rectius
976 2008 1121 2081 viverent,
1136 2007 1214 2067 certi

191 2096 321 2154 deterius
350 2096 452 2171 puniri
481 2099 550 2171 post
579 2098 706 2155 mortem
736 2114 813 2170 quae
843 2095 963 2155 sciendo
989 2094 1214 2155 vindicaverint

190 2185 324 2245 homines
352 2188 407 2243 aut
432 2185 687 2260 praetermiserint
713 2185 888 2262 ignorando.
934 2186 1008 2243 mire
1032 2187 1134 2243 tamen
1159 2185 1211 2243 ad·
1226 2207 1252 2247 ro

138 2280 190 2328 sto
200 2273 277 2333 didit
303 2291 375 2342 non,
402 2275 476 2333 catti
502 2277 529 2333 si
559 2276 676 2348 linpnae
708 2278 821 2333 centnm
852 2276 912 2332 sint
943 2291 1051 2347 arcane
1084 2278 1210 2343 centnm,

189 2366 288 2438 ferrea
310 2382 373 2431 eoa,
393 2366 488 2422 omnis
510 2364 649 2422 scelernm
668 2364 862 2437 conprendere
879 2364 1000 2435 forneus,
1020 2364 1121 2421 omnia
1138 2380 1212 2437 poe·

189 2472 299 2512 narnen
316 2471 490 2526 percernere
513 2455 633 2511 nonina
650 2454 780 2526 possin:
803 2451 982 2531 generalitas
1006 2453 1086 2509 enim
1108 2470 1210 2512 neces·

190 2542 267 2600 sarie
296 2541 412 2601 adiecta
439 2546 497 2616 est,
525 2561 561 2600 ne
589 2547 679 2618 poeta
707 2541 859 2601 videretur
886 2539 986 2600 omnia
1016 2540 1210 2617 descripsisse

191 2649 268 2703 quae
301 2629 381 2705 apud
412 2632 523 2689 inferos
551 2631 744 2708 gerebantur,
777 2632 919 2706 quoniam
947 2629 1005 2687 fuit
1032 2630 1209 2705 inpossibile
1224 2650 1251 2691 eo

189 2718 379 2776 latitudinem
410 2722 528 2778 tantam
560 2720 647 2795 plene
679 2720 841 2795 conplecti,
873 2719 921 2777 vel
953 2738 990 2777 ne
1021 2722 1211 2794 contemptui

188 2806 369 2865 haberentur
400 2826 513 2881 poenae
545 2809 716 2883 propositae
749 2827 784 2868 ex
816 2809 966 2867 cotidiana
997 2807 1209 2885 meditatione;

190 2896 319 2970 amplius
342 2898 421 2954 enim
445 2897 593 2971 supplicia
616 2897 730 2954 incerta
752 2901 933 2956 metuuntur.
981 2899 1059 2956 certe
1087 2897 1209 2956 etiamsi

189 2984 253 3044 sola
286 2986 405 3042 fuerant
438 3004 513 3059 quae
547 2984 626 3043 dicta
657 2988 739 3058 sunt,
772 2989 897 3046 accessit
923 2987 1061 3044 humanis
1090 2986 1207 3046 actibus

189 3073 269 3149 quod
283 3074 436 3147 prodesset
450 3093 485 3131 ex
499 3076 604 3150 poetae
624 3074 785 3133 mendacio.
826 3076 893 3151 plus
913 3076 992 3133 enim
1010 3075 1082 3133 fecit
1099 3074 1206 3134 timere
1222 3097 1250 3137 so

189 3165 220 3221 et
246 3164 344 3220 minus
372 3181 494 3237 peccare
517 3165 708 3238 metuentem,
732 3182 825 3238 coque
847 3182 894 3223 res
917 3165 1004 3238 redit,
1027 3167 1061 3221 ut
1084 3165 1207 3223 vivatur

188 3252 307 3330 rectius,
331 3269 399 3309 cum
421 3251 539 3309 infinita
561 3251 689 3310 formido
714 3256 765 3312 est.

260 3427 275 3474 2
290 3420 412 3475 nctnsV
422 3420 464 3474 ed.
477 3423 560 3476 rictas
573 3438 624 3475 nos
639 3422 812 3491 (cf.11,303).
859 3429 875 3476 o
890 3424 1021 3476 n'ne'rne‘cns
1034 3421 1060 3475 V
1074 3424 1111 3476 -is
1125 3422 1169 3477 cd.

188 3492 611 3562 9-10pramaltosVoorr.ed.
665 3498 698 3547 10
711 3493 980 3559 laceretVnefled.
1032 3495 1208 3562 redoperuit

186 3563 265 3619 Ved.
271 3567 367 3634 pascit
382 3581 440 3618 nos.
491 3569 595 3618 17-18
609 3565 733 3635 singalas
747 3582 851 3633 qnoque
861 3564 886 3618 V
895 3581 1040 3633 spaosqae
1049 3582 1100 3618 uos
1111 3565 1205 3619 esbal

184 3653 276 3691 omnes
290 3654 310 3691 s.
322 3636 388 3691 edF.
444 3641 549 3689 23-24
563 3638 712 3690 necessarie
726 3635 861 3690 deiectaV
875 3638 1025 3690 necessario
1039 3637 1147 3691 adiecta
1161 3637 1205 3691 ed.

232 3715 270 3764 27
280 3710 464 3783 praepositae
478 3708 503 3765 V
518 3707 567 3764 edl
585 3724 654 3763 corr.
670 3707 735 3761 eds.
805 3711 839 3759 32
858 3707 1033 3774 fcrnido'est
1051 3706 1077 3761 V
1092 3725 1145 3761 om.
1160 3707 1204 3762 ed.
