2734 4159
579 352 761 407 AENEIDOS
780 352 806 406 V
1141 352 1206 417 451

192 530 447 597 carolomanum
464 525 599 597 plurima
622 525 732 582 circum
748 540 889 595 purpura
907 523 1076 581 Maeandro
1101 512 1213 595 duplici

192 615 338 673 Meliboea
371 615 499 672 cucurrit
529 616 710 683 intentusque
736 629 815 684 puer
846 610 989 685 frondoso
1020 613 1119 685 reolus
1150 611 1212 671 Ida

191 706 295 762 uelocis
313 703 409 762 iaculo
429 719 526 762 ceruos
545 718 688 774 cursuque
706 702 814 774 ιαιιριιι
832 718 906 769 acer,
926 701 1078 759 anhelanti
1095 702 1210 767 similis,

193 811 275 866 quem
298 810 424 865 praepes
452 793 489 849 ab
513 792 573 850 Ida
600 791 753 849 sublimem
776 790 904 863 pedibus
926 792 1028 862 ιιριιιῗι
1049 790 1131 847 Iouis
1155 794 1266 848 (ιι-255

164 886 284 955 ιιιιιῖριι
301 883 399 940 uncos:
421 882 553 953 lonaaeui
566 880 688 953 pannos
705 880 897 952 nequicquam
916 880 955 937 ad
973 879 1073 937 sidera
1092 880 1213 937 leuduni

193 973 322 1030 custodes
340 972 486 1042 saeuitque
504 988 611 1027 conum
629 970 756 1027 latratus
774 971 806 1026 in
825 982 931 1027 amas:
954 968 1020 1026 laus
1044 967 1211 1043 chlamydis

193 1061 273 1118 dicta
306 1063 351 1118 est
383 1063 504 1135 propter
535 1059 678 1117 honorem
711 1057 809 1116 dantis
842 1059 1040 1131 meritumque
1078 1058 1210 1130 victoris,

196 1150 337 1207 laudatae
365 1150 476 1224 species
506 1148 612 1222 quibus
639 1147 695 1205 illa
723 1148 858 1205 confecta
882 1148 939 1220 est,
970 1165 1076 1204 aurum
1099 1146 1214 1205 seilicet

193 1241 345 1312 copiosum
378 1241 408 1296 et
439 1255 574 1313 purpura
601 1238 747 1313 pretiosa,
782 1254 829 1294 ars
858 1254 977 1310 quoque
1005 1237 1035 1293 et
1063 1234 1212 1295 eutificum

152 1346 177 1383 10
192 1347 310 1401 manus,
344 1329 397 1401 qui
424 1328 583 1384 veritatem
611 1327 654 1385 sic
682 1327 803 1383 filerunt
829 1324 956 1399 imitati,
989 1326 1024 1382 ut
1051 1327 1152 1383 mutae
1181 1326 1212 1383 et

191 1418 368 1474 inanimales
392 1416 504 1475 formae
528 1418 628 1474 vivere
652 1433 687 1473 ae
710 1416 824 1472 moveri
846 1413 1028 1472 viderentur.
1069 1413 1101 1471 in
1124 1432 1210 1489 prae-

192 1507 320 1562 miorum
348 1508 448 1563 autem
476 1504 658 1563 liberalitate
683 1504 788 1562 multis
811 1503 972 1581 generibus
994 1502 1123 1580 largitor
1145 1504 1210 1578 ipse

191 1593 345 1666 landatur,
375 1596 427 1667 qui
454 1592 563 1651 habere
590 1594 666 1652 talia
696 1593 828 1669 potuerit
850 1592 899 1651 vel
922 1592 1041 1650 donare.
1087 1593 1211 1667 inipso

192 1684 352 1742 donatione
377 1682 581 1741 consideratur
598 1682 718 1741 Aeneae
741 1682 838 1757 pietas
861 1682 946 1739 iuxta
968 1684 1127 1757 paternam
1148 1701 1209 1740 me·

151 1790 177 1828 15
192 1774 332 1846 moriam,
365 1773 507 1846 quoniam
540 1771 578 1830 ob
611 1773 673 1830 eius
706 1770 963 1830 honorificentiam
998 1771 1079 1828 tanti
1110 1772 1211 1829 meriti

191 1881 315 1919 munera
343 1861 539 1920 donabantur.
586 1863 618 1918 in
645 1861 702 1919 hac
729 1861 824 1937 igitur
852 1858 1007 1935 chlamyde
1035 1862 1140 1933 raptus
1171 1860 1209 1919 ad

192 1952 306 2008 caelum
339 1970 393 2025 per
425 1950 559 2024 aquilam
592 1948 778 2025 Ganymedes
815 1948 985 2022 videbatur,
1023 1949 1211 2024 apparebant

193 2058 279 2097 canes
302 2042 512 2115 persequentes
531 2038 692 2099 latratibus
711 2038 874 2111 dominum,
894 2057 980 2113 quem
1001 2037 1062 2096 iam
1080 2039 1112 2095 in
1132 2040 1209 2097 aeris

192 2129 380 2186 altitudinem
403 2131 524 2203 raptum
543 2128 670 2187 liberam
689 2148 749 2187 non
767 2130 915 2202 poterant,
935 2126 1070 2185 custodes
1091 2145 1209 2202 quoque

150 2235 176 2273 co
192 2220 234 2274 sio
266 2218 420 2275 tendentes
452 2236 561 2275 manus
593 2217 631 2275 ad
664 2218 774 2290 sidera,
808 2218 894 2291 quasi
926 2216 1054 2274 retinere
1086 2218 1216 2291 possent*

192 2325 280 2380 quem
307 2306 487 2365 fortissimae
517 2307 599 2365 alitis
627 2310 746 2365 tenaces
770 2305 923 2381 amplexus
946 2306 1068 2363 innoxia
1091 2304 1207 2364 subtili-

190 2398 253 2453 tate
280 2395 450 2470 portabant.
496 2399 528 2453 ιιι
549 2398 600 2468 qui
622 2396 727 2455 deinde
750 2396 844 2453 locum
867 2397 959 2454 lenuit
979 2396 1085 2453 uirtute
1107 2412 1205 2453 secun-

191 2486 261 2540 dum
280 2485 390 2543 leuibus
409 2486 477 2543 bulo
494 2485 590 2543 lamis
609 2488 770 2543 consertum
787 2501 917 2557 auroque
930 2484 1053 2542 trilicem
1068 2484 1198 2543 loricam.
1210 2485 1262 2535 260

191 2593 282 2629 unum
306 2591 398 2649 genus
421 2572 528 2648 laudis,
549 2574 655 2645 hamis,
673 2574 783 2648 inquit,
802 2572 917 2631 levibus
940 2573 996 2630 hoo
1020 2575 1065 2630 est
1082 2574 1207 2632 minutis

149 2680 174 2718 rs
191 2666 220 2720 et
253 2664 335 2720 omni
367 2662 534 2722 subtilitate
565 2664 706 2739 perfectis
742 2663 842 2721 fuerat
873 2681 963 2735 nexa,
998 2664 1081 2720 texta
1113 2662 1208 2720 trilici

190 2770 277 2825 opere
301 2754 340 2826 et,
364 2771 439 2827 quae
464 2755 509 2809 est
532 2751 660 2810 secunda
683 2751 829 2825 lauduna,
855 2750 987 2809 admixto
1012 2768 1085 2809 auro
1109 2751 1206 2826 splen-

189 2840 269 2898 dens
317 2860 381 2900 ecoe
406 2844 435 2898 et
458 2841 545 2899 fortis
568 2841 628 2899 fuit
650 2845 680 2900 et
704 2840 838 2916 pulchra,
860 2842 997 2916 sequitur
1020 2839 1103 2898 aliud
1127 2840 1207 2915 quod

188 2930 243 2987 illa
267 2932 366 2988 omnia
388 2930 565 2988 cumularet:
540 2934 678 3003 tquam
695 2931 833 2989 Demoleo
853 2930 1019 2989 delirouera
1035 2931 1098 3001 ipse
1116 2932 1208 2988 uictor

189 3020 271 3090 apud
294 3022 434 3093 rapidum
456 3018 604 3078 Simoenta
626 3021 680 3077 sub
704 3019 764 3077 llio
788 3020 855 3078 allo.
900 3019 985 3093 hanc,
1009 3036 1077 3076 oum
1098 3017 1206 3077 Demo-

261 3172 411 3224 bibendun
430 3171 482 3223 Lll
501 3172 601 3226 tollunt
619 3171 663 3225 ed.
728 3175 744 3225 8
764 3171 861 3225 laudat
851 3177 880 3223 lu
899 3170 951 3222 Lll
969 3170 1068 3224 laudat
1085 3169 1143 3223 HU
1162 3170 1205 3224 ed.

188 3242 320 3295 laudatae
342 3259 401 3295 nos.
493 3248 525 3295 11
549 3243 717 3297 inanimales
737 3241 759 3294 L
782 3242 916 3296 animales
938 3242 964 3294 R
987 3256 1056 3294 corr.
1074 3258 1090 3293 r
1111 3242 1205 3294 inani·

187 3320 277 3366 malae
296 3313 338 3366 ed.
396 3319 428 3366 13
447 3315 556 3368 baberet
573 3315 633 3368 alia
647 3315 751 3381 polerit
768 3314 808 3367 nel
827 3314 929 3367 donare
943 3312 964 3364 L
983 3313 1080 3366 babere
1095 3312 1167 3366 lulio
1179 3312 1205 3365 R

183 3386 338 3451 poluerilr
360 3387 465 3438 temere
488 3387 557 3437 mut.
577 3385 620 3438 ed.
696 3390 729 3437 14
744 3387 835 3453 pietas
855 3385 934 3439 deest
952 3384 982 3437 in
1001 3384 1052 3436 LR
1076 3383 1140 3436 add.
1161 3384 1204 3437 ed.

187 3457 211 3522 (r
230 3455 260 3507 in
279 3472 367 3525 marg
383 3457 499 3525 lumilas
517 3456 561 3510 vel
580 3472 670 3523 neque
691 3456 842 3524 adscripsit
830 3455 943 3509 taliam
960 3455 1167 3522 coniecturam).

190 3532 292 3579 16-17
313 3529 350 3579 ad
368 3528 442 3581 caelo
461 3527 482 3579 L
501 3529 538 3581 ad
557 3530 661 3582 caelum
679 3528 705 3581 R
724 3528 761 3581 uel
779 3529 867 3582 caelos
884 3526 941 3579 ΗΠ
961 3528 1003 3580 ed.
1067 3532 1131 3579 cst
1120 3526 1206 3581 trilici

187 3598 239 3650 Ll
228 3599 333 3666 triplici
350 3598 382 3651 R.
446 3605 479 3652 26
499 3616 568 3667 quae
582 3599 635 3651 LR
649 3599 692 3652 ed
707 3605 733 3652 ιι
751 3616 820 3667 quae
838 3616 897 3663 nos
913 3598 981 3666 quia
1000 3596 1125 3651 secunda
1141 3596 1211 3647 laus

186 3669 281 3737 posita
310 3670 410 3722 estin
436 3686 517 3737 auro
545 3673 577 3723 ut
600 3671 687 3725 etiam
710 3686 746 3724 ex
766 3670 889 3739 interpr
907 3670 950 3722 ‘ad
968 3674 1029 3720 ‘iffi
1051 3665 1195 3753 apparet

188 3740 517 3810 usquamusquam
538 3742 581 3797 ed
662 3748 699 3799 29
719 3746 848 3801 simonia
862 3742 900 3796 L
1017 3824 1035 3852 „

973 3832 1016 3880 Ἣ
