<?xml version="1.0" encoding="UTF-8"?>
<!DOCTYPE html PUBLIC "-//W3C//DTD XHTML 1.0 Transitional//EN"
    "http://www.w3.org/TR/xhtml1/DTD/xhtml1-transitional.dtd">
<html xmlns="http://www.w3.org/1999/xhtml" xml:lang="en" lang="en">
 <head>
  <title>
</title>
<meta http-equiv="Content-Type" content="text/html;charset=utf-8" />
  <meta name='ocr-system' content='tesseract 3.04.00' />
  <meta name='ocr-capabilities' content='ocr_page ocr_carea ocr_par ocr_line ocrx_word'/>
</head>
<body>
  <div class='ocr_page' id='page_1' title='image "./tibericlaudidon02georgoog_0462.png"; bbox 0 0 2734 4159; ppageno 0'>
   <div class='ocr_carea' id='block_1_1' title="bbox 536 276 1219 373">
    <p class='ocr_par' dir='ltr' id='par_1_1' title="bbox 536 276 1219 373">
     <span class='ocr_line' id='line_1_1' title="bbox 536 276 1219 373; baseline 0 -12"><span class='ocrx_word' id='word_1_1' title='bbox 536 276 546 296; x_wconf 84' lang='grc'><em>“</em></span> <span class='ocrx_word' id='word_1_2' title='bbox 588 305 771 362; x_wconf 77' lang='lat' dir='ltr'><strong><em>narnmos</em></strong></span> <span class='ocrx_word' id='word_1_3' title='bbox 789 306 829 361; x_wconf 83' lang='lat' dir='ltr'><strong><em>rv</em></strong></span> <span class='ocrx_word' id='word_1_4' title='bbox 1155 308 1219 373; x_wconf 86' lang='lat'><strong><em>401</em></strong></span> 
     </span>
    </p>
   </div>
   <div class='ocr_carea' id='block_1_2' title="bbox 154 474 1282 3047">
    <p class='ocr_par' dir='ltr' id='par_1_2' title="bbox 154 474 1282 3047">
     <span class='ocr_line' id='line_1_2' title="bbox 203 474 1282 551; baseline 0.001 -17"><span class='ocrx_word' id='word_1_5' title='bbox 203 495 243 535; x_wconf 91' lang='lat' dir='ltr'><strong><em>au</em></strong></span> <span class='ocrx_word' id='word_1_6' title='bbox 266 492 332 534; x_wconf 86' lang='lat' dir='ltr'><strong><em>mea</em></strong></span> <span class='ocrx_word' id='word_1_7' title='bbox 354 474 526 549; x_wconf 74' lang='lat' dir='ltr'><strong><em>Pypmubou</em></strong></span> <span class='ocrx_word' id='word_1_8' title='bbox 551 476 622 533; x_wconf 82' lang='lat' dir='ltr'><strong><em>darn</em></strong></span> <span class='ocrx_word' id='word_1_9' title='bbox 647 477 762 535; x_wconf 83' lang='lat' dir='ltr'><strong><em>macuta</em></strong></span> <span class='ocrx_word' id='word_1_10' title='bbox 790 478 885 550; x_wconf 79' lang='lat' dir='ltr'><strong><em>frater</em></strong></span> <span class='ocrx_word' id='word_1_11' title='bbox 912 477 1062 536; x_wconf 75' lang='lat' dir='ltr'><strong><em>destruat?</em></strong></span> <span class='ocrx_word' id='word_1_12' title='bbox 1106 476 1220 551; x_wconf 78' lang='lat' dir='ltr'><strong>infelix,</strong></span> <span class='ocrx_word' id='word_1_13' title='bbox 1277 498 1282 506; x_wconf 95' lang='lat'><strong>·</strong></span> 
     </span>
     <span class='ocr_line' id='line_1_3' title="bbox 202 565 1220 641; baseline 0.005 -19"><span class='ocrx_word' id='word_1_14' title='bbox 202 565 312 641; x_wconf 89' lang='lat' dir='ltr'><strong><em>inquit,</em></strong></span> <span class='ocrx_word' id='word_1_15' title='bbox 325 565 446 624; x_wconf 86' lang='lat' dir='ltr'><strong><em>fortuna</em></strong></span> <span class='ocrx_word' id='word_1_16' title='bbox 463 583 530 623; x_wconf 87' lang='lat' dir='ltr'><strong><em>mea</em></strong></span> <span class='ocrx_word' id='word_1_17' title='bbox 549 565 623 640; x_wconf 89' lang='lat' dir='ltr'><strong><em>quid</em></strong></span> <span class='ocrx_word' id='word_1_18' title='bbox 640 565 767 624; x_wconf 89' lang='lat' dir='ltr'><strong><em>ulterius</em></strong></span> <span class='ocrx_word' id='word_1_19' title='bbox 786 568 896 641; x_wconf 88' lang='lat' dir='ltr'><strong><em>sperat,</em></strong></span> <span class='ocrx_word' id='word_1_20' title='bbox 911 567 938 625; x_wconf 92' lang='lat' dir='ltr'><strong><em>si</em></strong></span> <span class='ocrx_word' id='word_1_21' title='bbox 955 566 1103 625; x_wconf 87' lang='lat' dir='ltr'><strong><em>maiorum</em></strong></span> <span class='ocrx_word' id='word_1_22' title='bbox 1121 585 1220 627; x_wconf 90' lang='lat' dir='ltr'><strong><em>moras</em></strong></span> 
     </span>
     <span class='ocr_line' id='line_1_4' title="bbox 203 654 1221 730; baseline 0.002 -17"><span class='ocrx_word' id='word_1_23' title='bbox 203 654 353 729; x_wconf 78' lang='lat' dir='ltr'>adquirat,</span> <span class='ocrx_word' id='word_1_24' title='bbox 377 656 426 711; x_wconf 90' lang='lat' dir='ltr'><strong><em>cui</em></strong></span> <span class='ocrx_word' id='word_1_25' title='bbox 448 655 627 730; x_wconf 88' lang='lat' dir='ltr'><strong><em>supplicium</em></strong></span> <span class='ocrx_word' id='word_1_26' title='bbox 651 657 682 713; x_wconf 89' lang='lat' dir='ltr'><strong><em>et</em></strong></span> <span class='ocrx_word' id='word_1_27' title='bbox 705 674 723 712; x_wconf 88' lang='lat' dir='ltr'><strong><em>a</em></strong></span> <span class='ocrx_word' id='word_1_28' title='bbox 745 654 838 713; x_wconf 82' lang='lat' dir='ltr'><strong><em>fratre</em></strong></span> <span class='ocrx_word' id='word_1_29' title='bbox 861 655 1005 713; x_wconf 88' lang='lat' dir='ltr'><strong><em>metuitur</em></strong></span> <span class='ocrx_word' id='word_1_30' title='bbox 1028 658 1058 714; x_wconf 89' lang='lat' dir='ltr'><strong><em>et</em></strong></span> <span class='ocrx_word' id='word_1_31' title='bbox 1083 655 1221 715; x_wconf 89' lang='lat' dir='ltr'><strong><em>laborum</em></strong></span> 
     </span>
     <span class='ocr_line' id='line_1_5' title="bbox 202 742 1220 820; baseline 0.003 -19"><span class='ocrx_word' id='word_1_32' title='bbox 202 762 346 818; x_wconf 86' lang='lat' dir='ltr'><strong><em>meorum,</em></strong></span> <span class='ocrx_word' id='word_1_33' title='bbox 374 761 448 819; x_wconf 91' lang='lat' dir='ltr'><strong><em>quos</em></strong></span> <span class='ocrx_word' id='word_1_34' title='bbox 471 745 503 801; x_wconf 91' lang='lat' dir='ltr'><strong><em>in</em></strong></span> <span class='ocrx_word' id='word_1_35' title='bbox 526 746 614 801; x_wconf 89' lang='lat' dir='ltr'><strong><em>tanta</em></strong></span> <span class='ocrx_word' id='word_1_36' title='bbox 636 743 709 802; x_wconf 87' lang='lat' dir='ltr'><strong><em>urbe</em></strong></span> <span class='ocrx_word' id='word_1_37' title='bbox 732 742 885 803; x_wconf 88' lang='lat' dir='ltr'><strong><em>condenda</em></strong></span> <span class='ocrx_word' id='word_1_38' title='bbox 908 746 1086 820; x_wconf 79' lang='lat' dir='ltr'><strong>consumpsi,</strong></span> <span class='ocrx_word' id='word_1_39' title='bbox 1114 744 1220 820; x_wconf 88' lang='lat' dir='ltr'><strong><em>plenus</em></strong></span> 
     </span>
     <span class='ocr_line' id='line_1_6' title="bbox 173 830 1247 907; baseline 0 -15"><span class='ocrx_word' id='word_1_40' title='bbox 173 834 377 907; x_wconf 73' lang='lat' dir='ltr'><strong><em>respectatur</em></strong></span> <span class='ocrx_word' id='word_1_41' title='bbox 394 830 554 892; x_wconf 77' lang='lat' dir='ltr'><strong><em>interitus?</em></strong></span> <span class='ocrx_word' id='word_1_42' title='bbox 591 836 644 891; x_wconf 91' lang='lat' dir='ltr'><strong><em>aut</em></strong></span> <span class='ocrx_word' id='word_1_43' title='bbox 661 835 777 906; x_wconf 80' lang='lat' dir='ltr'><strong><em>captam</em></strong></span> <span class='ocrx_word' id='word_1_44' title='bbox 795 832 884 893; x_wconf 82' lang='lat' dir='ltr'><strong><em>ducat</em></strong></span> <span class='ocrx_word' id='word_1_45' title='bbox 903 832 1046 893; x_wconf 71' lang='lat' dir='ltr'><strong><em>Gaetuus</em></strong></span> <span class='ocrx_word' id='word_1_46' title='bbox 1065 833 1220 893; x_wconf 79' lang='lat' dir='ltr'><strong><em>Hiarbas?</em></strong></span> <span class='ocrx_word' id='word_1_47' title='bbox 1244 855 1247 860; x_wconf 90' lang='lat'><strong>·</strong></span> 
     </span>
     <span class='ocr_line' id='line_1_7' title="bbox 202 919 1219 983; baseline 0.004 -4"><span class='ocrx_word' id='word_1_48' title='bbox 202 924 258 979; x_wconf 87' lang='lat' dir='ltr'><strong><em>aut</em></strong></span> <span class='ocrx_word' id='word_1_49' title='bbox 284 940 331 979; x_wconf 87' lang='lat' dir='ltr'><strong><em>mo</em></strong></span> <span class='ocrx_word' id='word_1_50' title='bbox 359 919 504 981; x_wconf 83' lang='lat' dir='ltr'><strong><em>Gaetulus</em></strong></span> <span class='ocrx_word' id='word_1_51' title='bbox 532 921 662 980; x_wconf 87' lang='lat' dir='ltr'><strong><em>Hiarbas</em></strong></span> <span class='ocrx_word' id='word_1_52' title='bbox 690 922 780 981; x_wconf 87' lang='lat' dir='ltr'><strong><em>ducat</em></strong></span> <span class='ocrx_word' id='word_1_53' title='bbox 812 921 972 980; x_wconf 86' lang='lat' dir='ltr'><strong><em>abductam</em></strong></span> <span class='ocrx_word' id='word_1_54' title='bbox 999 925 1029 982; x_wconf 93' lang='lat' dir='ltr'><strong><em>et</em></strong></span> <span class='ocrx_word' id='word_1_55' title='bbox 1057 923 1104 981; x_wconf 89' lang='lat' dir='ltr'><strong><em>cui</em></strong></span> <span class='ocrx_word' id='word_1_56' title='bbox 1135 923 1219 983; x_wconf 80' lang='lat' dir='ltr'><strong><em>salva</em></strong></span> 
     </span>
     <span class='ocr_line' id='line_1_8' title="bbox 201 1009 1218 1089; baseline 0.003 -21"><span class='ocrx_word' id='word_1_57' title='bbox 201 1012 358 1069; x_wconf 89' lang='lat' dir='ltr'><strong><em>honestate</em></strong></span> <span class='ocrx_word' id='word_1_58' title='bbox 381 1009 489 1088; x_wconf 88' lang='lat' dir='ltr'><strong><em>negavi</em></strong></span> <span class='ocrx_word' id='word_1_59' title='bbox 511 1012 633 1085; x_wconf 79' lang='lat' dir='ltr'><strong>nuptias</strong></span> <span class='ocrx_word' id='word_1_60' title='bbox 655 1029 737 1069; x_wconf 88' lang='lat' dir='ltr'><strong><em>meas</em></strong></span> <span class='ocrx_word' id='word_1_61' title='bbox 761 1010 851 1069; x_wconf 89' lang='lat' dir='ltr'><strong><em>ducat</em></strong></span> <span class='ocrx_word' id='word_1_62' title='bbox 873 1011 1013 1086; x_wconf 87' lang='lat' dir='ltr'><strong><em>invitam,</em></strong></span> <span class='ocrx_word' id='word_1_63' title='bbox 1041 1012 1130 1070; x_wconf 89' lang='lat' dir='ltr'><strong><em>ducat</em></strong></span> <span class='ocrx_word' id='word_1_64' title='bbox 1153 1030 1218 1089; x_wconf 88' lang='lat' dir='ltr'><strong><em>per·</em></strong></span> 
     </span>
     <span class='ocr_line' id='line_1_9' title="bbox 202 1097 1219 1177; baseline 0.003 -20"><span class='ocrx_word' id='word_1_65' title='bbox 202 1100 268 1157; x_wconf 89' lang='lat' dir='ltr'><strong><em>dita</em></strong></span> <span class='ocrx_word' id='word_1_66' title='bbox 286 1099 426 1158; x_wconf 89' lang='lat' dir='ltr'><strong><em>libertate</em></strong></span> <span class='ocrx_word' id='word_1_67' title='bbox 445 1097 618 1173; x_wconf 81' lang='lat' dir='ltr'><strong><em>captivam?</em></strong></span> <span class='ocrx_word' id='word_1_68' title='bbox 647 1098 768 1158; x_wconf 77' lang='lat' dir='ltr'>Gaetuli</span> <span class='ocrx_word' id='word_1_69' title='bbox 783 1102 812 1157; x_wconf 90' lang='lat' dir='ltr'><strong><em>et</em></strong></span> <span class='ocrx_word' id='word_1_70' title='bbox 826 1099 958 1158; x_wconf 86' lang='lat' dir='ltr'><strong><em>Hiarbae</em></strong></span> <span class='ocrx_word' id='word_1_71' title='bbox 973 1101 1136 1177; x_wconf 79' lang='lat' dir='ltr'>appellatio</span> <span class='ocrx_word' id='word_1_72' title='bbox 1151 1119 1219 1160; x_wconf 89' lang='lat' dir='ltr'><strong><em>oon-</em></strong></span> 
     </span>
     <span class='ocr_line' id='line_1_10' title="bbox 202 1189 1218 1264; baseline 0.003 -18"><span class='ocrx_word' id='word_1_73' title='bbox 202 1190 274 1247; x_wconf 85' lang='lat' dir='ltr'><strong><em>vicii</em></strong></span> <span class='ocrx_word' id='word_1_74' title='bbox 297 1207 388 1247; x_wconf 86' lang='lat' dir='ltr'><strong><em>eausa</em></strong></span> <span class='ocrx_word' id='word_1_75' title='bbox 409 1189 508 1264; x_wconf 90' lang='lat' dir='ltr'><strong><em>posita</em></strong></span> <span class='ocrx_word' id='word_1_76' title='bbox 532 1191 585 1248; x_wconf 89' lang='lat' dir='ltr'><strong><em>est.</em></strong></span> <span class='ocrx_word' id='word_1_77' title='bbox 630 1190 733 1247; x_wconf 83' lang='lat' dir='ltr'><strong><em>saltem</em></strong></span> <span class='ocrx_word' id='word_1_78' title='bbox 754 1191 781 1247; x_wconf 80' lang='lat' dir='ltr'><strong><em>st</em></strong></span> <span class='ocrx_word' id='word_1_79' title='bbox 804 1206 864 1261; x_wconf 79' lang='lat' dir='ltr'><strong><em>qua</em></strong></span> <span class='ocrx_word' id='word_1_80' title='bbox 885 1190 957 1247; x_wconf 75' lang='lat' dir='ltr'><strong><em>rudet</em></strong></span> <span class='ocrx_word' id='word_1_81' title='bbox 980 1191 1015 1248; x_wconf 93' lang='lat' dir='ltr'><strong><em>de</em></strong></span> <span class='ocrx_word' id='word_1_82' title='bbox 1038 1193 1063 1249; x_wconf 87' lang='lat' dir='ltr'><strong><em>te</em></strong></span> <span class='ocrx_word' id='word_1_83' title='bbox 1085 1195 1218 1264; x_wconf 79' lang='lat' dir='ltr'><strong><em>suscepta</em></strong></span> 
     </span>
     <span class='ocr_line' id='line_1_11' title="bbox 158 1278 1219 1351; baseline 0.004 -14"><span class='ocrx_word' id='word_1_84' title='bbox 158 1300 186 1338; x_wconf 81' lang='lat' dir='ltr'><strong><em>ro</em></strong></span> <span class='ocrx_word' id='word_1_85' title='bbox 200 1280 307 1350; x_wconf 73' lang='lat' dir='ltr'><strong><em>fuisset</em></strong></span> <span class='ocrx_word' id='word_1_86' title='bbox 337 1280 404 1336; x_wconf 85' lang='lat' dir='ltr'><strong><em>aute</em></strong></span> <span class='ocrx_word' id='word_1_87' title='bbox 435 1278 538 1351; x_wconf 69' lang='lat' dir='ltr'><strong><em>tusam</em></strong></span> <span class='ocrx_word' id='word_1_88' title='bbox 569 1278 695 1346; x_wconf 79' lang='lat' dir='ltr'><strong><em>suboles,</em></strong></span> <span class='ocrx_word' id='word_1_89' title='bbox 727 1279 753 1337; x_wconf 82' lang='lat' dir='ltr'><strong><em>si</em></strong></span> <span class='ocrx_word' id='word_1_90' title='bbox 781 1279 846 1351; x_wconf 75' lang='lat' dir='ltr'><strong><em>quis</em></strong></span> <span class='ocrx_word' id='word_1_91' title='bbox 872 1279 945 1337; x_wconf 80' lang='lat' dir='ltr'><strong><em>rutbr&#39;</em></strong></span> <span class='ocrx_word' id='word_1_92' title='bbox 970 1280 1119 1351; x_wconf 75' lang='lat' dir='ltr'><strong><em>paruulus</em></strong></span> <span class='ocrx_word' id='word_1_93' title='bbox 1146 1280 1219 1341; x_wconf 87' lang='lat' dir='ltr'><strong><em>aula</em></strong></span> 
     </span>
     <span class='ocr_line' id='line_1_12' title="bbox 200 1364 1271 1442; baseline -0.002 -17"><span class='ocrx_word' id='word_1_94' title='bbox 200 1368 313 1426; x_wconf 82' lang='lat' dir='ltr'><strong><em>luderet</em></strong></span> <span class='ocrx_word' id='word_1_95' title='bbox 338 1364 468 1435; x_wconf 80' lang='lat' dir='ltr'><strong><em>Aureae,</em></strong></span> <span class='ocrx_word' id='word_1_96' title='bbox 500 1368 551 1440; x_wconf 70' lang='lat' dir='ltr'><strong><em>que*</em></strong></span> <span class='ocrx_word' id='word_1_97' title='bbox 580 1371 606 1424; x_wconf 90' lang='lat' dir='ltr'><strong><em>te</em></strong></span> <span class='ocrx_word' id='word_1_98' title='bbox 632 1369 730 1425; x_wconf 87' lang='lat' dir='ltr'><strong><em>tameu</em></strong></span> <span class='ocrx_word' id='word_1_99' title='bbox 756 1384 805 1425; x_wconf 91' lang='lat' dir='ltr'><strong><em>ore</em></strong></span> <span class='ocrx_word' id='word_1_100' title='bbox 831 1368 964 1440; x_wconf 76' lang='lat' dir='ltr'><strong><em>referret,</em></strong></span> <span class='ocrx_word' id='word_1_101' title='bbox 991 1384 1051 1427; x_wconf 87' lang='lat' dir='ltr'><strong><em>aou</em></strong></span> <span class='ocrx_word' id='word_1_102' title='bbox 1079 1370 1271 1442; x_wconf 76' lang='lat' dir='ltr'><strong><em>equa‘deurtso</em></strong></span> 
     </span>
     <span class='ocr_line' id='line_1_13' title="bbox 200 1456 1215 1535; baseline 0.004 -22"><span class='ocrx_word' id='word_1_103' title='bbox 200 1457 318 1514; x_wconf 75' lang='lat' dir='ltr'><strong><em>oruuiuo</em></strong></span> <span class='ocrx_word' id='word_1_104' title='bbox 341 1460 426 1528; x_wconf 79' lang='lat' dir='ltr'><strong><em>capta</em></strong></span> <span class='ocrx_word' id='word_1_105' title='bbox 449 1473 485 1513; x_wconf 88' lang='lat' dir='ltr'><strong><em>ac</em></strong></span> <span class='ocrx_word' id='word_1_106' title='bbox 507 1456 620 1515; x_wconf 74' lang='lat' dir='ltr'><strong><em>desuta</em></strong></span> <span class='ocrx_word' id='word_1_107' title='bbox 641 1458 770 1515; x_wconf 77' lang='lat' dir='ltr'><strong><em>viduor:</em></strong></span> <span class='ocrx_word' id='word_1_108' title='bbox 793 1456 901 1515; x_wconf 87' lang='lat' dir='ltr'><strong><em>saltem</em></strong></span> <span class='ocrx_word' id='word_1_109' title='bbox 924 1458 951 1516; x_wconf 94' lang='lat' dir='ltr'><strong><em>si</em></strong></span> <span class='ocrx_word' id='word_1_110' title='bbox 969 1458 1151 1535; x_wconf 79' lang='lat' dir='ltr'><strong><em>contigisset,</em></strong></span> <span class='ocrx_word' id='word_1_111' title='bbox 1170 1460 1215 1517; x_wconf 90' lang='lat' dir='ltr'><strong><em>in·</em></strong></span> 
     </span>
     <span class='ocr_line' id='line_1_14' title="bbox 200 1545 1218 1624; baseline 0.004 -22"><span class='ocrx_word' id='word_1_112' title='bbox 200 1547 280 1621; x_wconf 89' lang='lat' dir='ltr'><strong><em>quit,</em></strong></span> <span class='ocrx_word' id='word_1_113' title='bbox 308 1548 342 1604; x_wconf 93' lang='lat' dir='ltr'><strong><em>ut</em></strong></span> <span class='ocrx_word' id='word_1_114' title='bbox 370 1547 438 1603; x_wconf 87' lang='lat' dir='ltr'><strong><em>ante</em></strong></span> <span class='ocrx_word' id='word_1_115' title='bbox 465 1545 569 1621; x_wconf 80' lang='lat' dir='ltr'><strong><em>fugam</em></strong></span> <span class='ocrx_word' id='word_1_116' title='bbox 593 1548 691 1620; x_wconf 86' lang='lat' dir='ltr'><strong><em>tuam,</em></strong></span> <span class='ocrx_word' id='word_1_117' title='bbox 719 1564 778 1603; x_wconf 92' lang='lat' dir='ltr'><strong><em>non</em></strong></span> <span class='ocrx_word' id='word_1_118' title='bbox 801 1545 878 1604; x_wconf 86' lang='lat' dir='ltr'>dixit</span> <span class='ocrx_word' id='word_1_119' title='bbox 901 1549 971 1604; x_wconf 88' lang='lat' dir='ltr'><strong><em>ante</em></strong></span> <span class='ocrx_word' id='word_1_120' title='bbox 994 1547 1218 1624; x_wconf 88' lang='lat' dir='ltr'><strong><em>navigationem</em></strong></span> 
     </span>
     <span class='ocr_line' id='line_1_15' title="bbox 199 1632 1217 1710; baseline 0.004 -19"><span class='ocrx_word' id='word_1_121' title='bbox 199 1637 285 1692; x_wconf 89' lang='lat' dir='ltr'><strong><em>tuam</em></strong></span> <span class='ocrx_word' id='word_1_122' title='bbox 308 1636 361 1692; x_wconf 90' lang='lat' dir='ltr'><strong><em>aut</em></strong></span> <span class='ocrx_word' id='word_1_123' title='bbox 384 1636 454 1692; x_wconf 89' lang='lat' dir='ltr'><strong><em>ante</em></strong></span> <span class='ocrx_word' id='word_1_124' title='bbox 477 1632 645 1694; x_wconf 80' lang='lat' dir='ltr'><strong><em>abscessum</em></strong></span> <span class='ocrx_word' id='word_1_125' title='bbox 667 1637 762 1709; x_wconf 89' lang='lat' dir='ltr'><strong><em>tuum,</em></strong></span> <span class='ocrx_word' id='word_1_126' title='bbox 786 1653 863 1710; x_wconf 90' lang='lat' dir='ltr'><strong><em>quae</em></strong></span> <span class='ocrx_word' id='word_1_127' title='bbox 886 1635 983 1694; x_wconf 81' lang='lat' dir='ltr'><strong><em>solent</em></strong></span> <span class='ocrx_word' id='word_1_128' title='bbox 1001 1653 1063 1693; x_wconf 89' lang='lat' dir='ltr'><strong><em>esse</em></strong></span> <span class='ocrx_word' id='word_1_129' title='bbox 1082 1636 1217 1710; x_wconf 88' lang='lat' dir='ltr'><strong><em>honesta,</em></strong></span> 
     </span>
     <span class='ocr_line' id='line_1_16' title="bbox 155 1722 1216 1799; baseline 0.001 -16"><span class='ocrx_word' id='word_1_130' title='bbox 155 1744 184 1783; x_wconf 81' lang='lat' dir='ltr'><strong><em>rs</em></strong></span> <span class='ocrx_word' id='word_1_131' title='bbox 199 1723 252 1782; x_wconf 90' lang='lat' dir='ltr'><strong><em>sed</em></strong></span> <span class='ocrx_word' id='word_1_132' title='bbox 275 1724 392 1799; x_wconf 85' lang='lat' dir='ltr'><strong><em>fugam,</em></strong></span> <span class='ocrx_word' id='word_1_133' title='bbox 421 1741 497 1798; x_wconf 90' lang='lat' dir='ltr'><strong><em>quae</em></strong></span> <span class='ocrx_word' id='word_1_134' title='bbox 519 1722 618 1781; x_wconf 86' lang='lat' dir='ltr'><strong><em>fuerat</em></strong></span> <span class='ocrx_word' id='word_1_135' title='bbox 640 1724 750 1799; x_wconf 82' lang='lat' dir='ltr'><strong><em>turpis,</em></strong></span> <span class='ocrx_word' id='word_1_136' title='bbox 779 1727 814 1782; x_wconf 92' lang='lat' dir='ltr'><strong><em>ut</em></strong></span> <span class='ocrx_word' id='word_1_137' title='bbox 836 1727 1008 1783; x_wconf 87' lang='lat' dir='ltr'><strong><em>nasceretur</em></strong></span> <span class='ocrx_word' id='word_1_138' title='bbox 1029 1725 1106 1783; x_wconf 88' lang='lat' dir='ltr'><strong><em>mihi</em></strong></span> <span class='ocrx_word' id='word_1_139' title='bbox 1129 1744 1163 1783; x_wconf 84' lang='lat' dir='ltr'><strong><em>ex</em></strong></span> <span class='ocrx_word' id='word_1_140' title='bbox 1186 1729 1216 1785; x_wconf 91' lang='lat' dir='ltr'><strong><em>te</em></strong></span> 
     </span>
     <span class='ocr_line' id='line_1_17' title="bbox 199 1811 1216 1891; baseline 0.004 -22"><span class='ocrx_word' id='word_1_141' title='bbox 199 1812 318 1872; x_wconf 87' lang='lat' dir='ltr'><strong><em>suboles</em></strong></span> <span class='ocrx_word' id='word_1_142' title='bbox 341 1812 444 1887; x_wconf 85' lang='lat' dir='ltr'><strong><em>aliqua</em></strong></span> <span class='ocrx_word' id='word_1_143' title='bbox 466 1814 513 1870; x_wconf 92' lang='lat' dir='ltr'><strong><em>tui</em></strong></span> <span class='ocrx_word' id='word_1_144' title='bbox 536 1813 637 1872; x_wconf 90' lang='lat' dir='ltr'><strong><em>vultus</em></strong></span> <span class='ocrx_word' id='word_1_145' title='bbox 658 1811 887 1871; x_wconf 89' lang='lat' dir='ltr'><strong><em>similitudinem</em></strong></span> <span class='ocrx_word' id='word_1_146' title='bbox 904 1816 1028 1890; x_wconf 85' lang='lat' dir='ltr'><strong><em>portans</em></strong></span> <span class='ocrx_word' id='word_1_147' title='bbox 1048 1815 1078 1872; x_wconf 92' lang='lat' dir='ltr'><strong><em>et</em></strong></span> <span class='ocrx_word' id='word_1_148' title='bbox 1096 1816 1216 1891; x_wconf 85' lang='lat' dir='ltr'><strong><em>signata</em></strong></span> 
     </span>
     <span class='ocr_line' id='line_1_18' title="bbox 198 1901 1215 1975; baseline 0.003 -17"><span class='ocrx_word' id='word_1_149' title='bbox 198 1902 319 1959; x_wconf 93' lang='lat' dir='ltr'><strong><em>nomine</em></strong></span> <span class='ocrx_word' id='word_1_150' title='bbox 346 1905 398 1958; x_wconf 91' lang='lat' dir='ltr'><strong><em>tuo</em></strong></span> <span class='ocrx_word' id='word_1_151' title='bbox 427 1902 459 1959; x_wconf 90' lang='lat' dir='ltr'><strong><em>in</em></strong></span> <span class='ocrx_word' id='word_1_152' title='bbox 487 1901 556 1960; x_wconf 86' lang='lat' dir='ltr'><strong><em>aula</em></strong></span> <span class='ocrx_word' id='word_1_153' title='bbox 583 1920 650 1960; x_wconf 91' lang='lat' dir='ltr'><strong><em>mea</em></strong></span> <span class='ocrx_word' id='word_1_154' title='bbox 676 1902 806 1975; x_wconf 85' lang='lat' dir='ltr'><strong><em>luderet,</em></strong></span> <span class='ocrx_word' id='word_1_155' title='bbox 835 1905 912 1961; x_wconf 92' lang='lat' dir='ltr'><strong><em>esset</em></strong></span> <span class='ocrx_word' id='word_1_156' title='bbox 939 1902 1083 1961; x_wconf 89' lang='lat' dir='ltr'><strong><em>solacium</em></strong></span> <span class='ocrx_word' id='word_1_157' title='bbox 1111 1903 1215 1963; x_wconf 91' lang='lat' dir='ltr'><strong><em>solitu-</em></strong></span> 
     </span>
     <span class='ocr_line' id='line_1_19' title="bbox 199 1989 1214 2052; baseline 0.004 -5"><span class='ocrx_word' id='word_1_158' title='bbox 199 1990 279 2047; x_wconf 87' lang='lat' dir='ltr'>dinis</span> <span class='ocrx_word' id='word_1_159' title='bbox 302 2009 386 2049; x_wconf 90' lang='lat' dir='ltr'><strong><em>meae</em></strong></span> <span class='ocrx_word' id='word_1_160' title='bbox 409 2009 462 2048; x_wconf 90' lang='lat' dir='ltr'><strong><em>nec</em></strong></span> <span class='ocrx_word' id='word_1_161' title='bbox 485 1989 644 2048; x_wconf 83' lang='lat' dir='ltr'><strong><em>viderere</em></strong></span> <span class='ocrx_word' id='word_1_162' title='bbox 666 1994 697 2049; x_wconf 91' lang='lat' dir='ltr'><strong><em>te</em></strong></span> <span class='ocrx_word' id='word_1_163' title='bbox 720 1993 752 2050; x_wconf 87' lang='lat' dir='ltr'><strong><em>in</em></strong></span> <span class='ocrx_word' id='word_1_164' title='bbox 775 1993 874 2049; x_wconf 91' lang='lat' dir='ltr'><strong><em>totum</em></strong></span> <span class='ocrx_word' id='word_1_165' title='bbox 896 1991 1042 2050; x_wconf 88' lang='lat' dir='ltr'><strong><em>destituta</em></strong></span> <span class='ocrx_word' id='word_1_166' title='bbox 1065 1992 1113 2050; x_wconf 80' lang='lat' dir='ltr'><strong><em>vel</em></strong></span> <span class='ocrx_word' id='word_1_167' title='bbox 1132 1993 1214 2052; x_wconf 89' lang='lat' dir='ltr'><strong><em>duris</em></strong></span> 
     </span>
     <span class='ocr_line' id='line_1_20' title="bbox 199 2079 481 2156; baseline -0.007 -18"><span class='ocrx_word' id='word_1_168' title='bbox 199 2079 361 2156; x_wconf 82' lang='lat' dir='ltr'><strong><em>angoribus</em></strong></span> <span class='ocrx_word' id='word_1_169' title='bbox 385 2082 481 2154; x_wconf 90' lang='lat' dir='ltr'><strong><em>capta.</em></strong></span> 
     </span>
     <span class='ocr_line' id='line_1_21' title="bbox 154 2167 1214 2246; baseline -0.001 -17"><span class='ocrx_word' id='word_1_170' title='bbox 154 2189 184 2229; x_wconf 78' lang='lat' dir='ltr'><strong><em>ao</em></strong></span> <span class='ocrx_word' id='word_1_171' title='bbox 266 2168 407 2227; x_wconf 84' lang='lat' dir='ltr'><strong><em>Dr&#39;rerat:</em></strong></span> <span class='ocrx_word' id='word_1_172' title='bbox 443 2168 519 2226; x_wconf 85' lang='lat' dir='ltr'>dixit</span> <span class='ocrx_word' id='word_1_173' title='bbox 545 2167 624 2227; x_wconf 90' lang='lat' dir='ltr'><strong><em>Dido</em></strong></span> <span class='ocrx_word' id='word_1_174' title='bbox 656 2188 711 2244; x_wconf 90' lang='lat' dir='ltr'><strong><em>pro</em></strong></span> <span class='ocrx_word' id='word_1_175' title='bbox 745 2188 832 2229; x_wconf 89' lang='lat' dir='ltr'><strong><em>causa</em></strong></span> <span class='ocrx_word' id='word_1_176' title='bbox 865 2186 921 2227; x_wconf 87' lang='lat' dir='ltr'><strong><em>sua</em></strong></span> <span class='ocrx_word' id='word_1_177' title='bbox 953 2169 1095 2246; x_wconf 79' lang='lat' dir='ltr'><strong><em>adlegans</em></strong></span> <span class='ocrx_word' id='word_1_178' title='bbox 1126 2170 1214 2245; x_wconf 84' lang='lat' dir='ltr'><strong><em>iusta,</em></strong></span> 
     </span>
     <span class='ocr_line' id='line_1_22' title="bbox 198 2257 1214 2335; baseline 0.003 -20"><span class='ocrx_word' id='word_1_179' title='bbox 198 2259 338 2332; x_wconf 87' lang='lat' dir='ltr'><strong><em>humana,</em></strong></span> <span class='ocrx_word' id='word_1_180' title='bbox 362 2257 540 2330; x_wconf 85' lang='lat' dir='ltr'><strong><em>miseranda,</em></strong></span> <span class='ocrx_word' id='word_1_181' title='bbox 566 2277 641 2333; x_wconf 87' lang='lat' dir='ltr'><strong><em>quae</em></strong></span> <span class='ocrx_word' id='word_1_182' title='bbox 665 2258 784 2317; x_wconf 79' lang='lat' dir='ltr'><strong><em>Aeneae</em></strong></span> <span class='ocrx_word' id='word_1_183' title='bbox 807 2260 938 2316; x_wconf 91' lang='lat' dir='ltr'><strong><em>mentem</em></strong></span> <span class='ocrx_word' id='word_1_184' title='bbox 961 2258 1077 2317; x_wconf 87' lang='lat' dir='ltr'><strong><em>flectere</em></strong></span> <span class='ocrx_word' id='word_1_185' title='bbox 1100 2259 1214 2335; x_wconf 88' lang='lat' dir='ltr'><strong><em>potuis·</em></strong></span> 
     </span>
     <span class='ocr_line' id='line_1_23' title="bbox 198 2346 1214 2426; baseline 0.002 -21"><span class='ocrx_word' id='word_1_186' title='bbox 198 2348 265 2405; x_wconf 89' lang='lat' dir='ltr'><strong><em>sent</em></strong></span> <span class='ocrx_word' id='word_1_187' title='bbox 298 2351 328 2406; x_wconf 90' lang='lat' dir='ltr'><strong><em>et</em></strong></span> <span class='ocrx_word' id='word_1_188' title='bbox 360 2346 508 2405; x_wconf 88' lang='lat' dir='ltr'><strong><em>deberent.</em></strong></span> <span class='ocrx_word' id='word_1_189' title='bbox 554 2347 711 2406; x_wconf 74' lang='lat' dir='ltr'><strong><em>constabat</em></strong></span> <span class='ocrx_word' id='word_1_190' title='bbox 743 2349 822 2406; x_wconf 91' lang='lat' dir='ltr'><strong><em>enim</em></strong></span> <span class='ocrx_word' id='word_1_191' title='bbox 855 2349 946 2407; x_wconf 88' lang='lat' dir='ltr'><strong><em>etiam</em></strong></span> <span class='ocrx_word' id='word_1_192' title='bbox 977 2350 1076 2423; x_wconf 91' lang='lat' dir='ltr'><strong><em>ipsum</em></strong></span> <span class='ocrx_word' id='word_1_193' title='bbox 1105 2366 1214 2426; x_wconf 90' lang='lat' dir='ltr'><strong><em>magno</em></strong></span> 
     </span>
     <span class='ocr_line' id='line_1_24' title="bbox 196 2435 1213 2515; baseline 0.002 -22"><span class='ocrx_word' id='word_1_194' title='bbox 196 2436 312 2512; x_wconf 91' lang='lat' dir='ltr'><strong><em>pudore</em></strong></span> <span class='ocrx_word' id='word_1_195' title='bbox 332 2435 481 2507; x_wconf 84' lang='lat' dir='ltr'><strong><em>confundi,</em></strong></span> <span class='ocrx_word' id='word_1_196' title='bbox 500 2438 604 2511; x_wconf 85' lang='lat' dir='ltr'><strong><em>utpote</em></strong></span> <span class='ocrx_word' id='word_1_197' title='bbox 628 2438 681 2511; x_wconf 89' lang='lat' dir='ltr'><strong><em>qui</em></strong></span> <span class='ocrx_word' id='word_1_198' title='bbox 703 2437 824 2515; x_wconf 82' lang='lat' dir='ltr'><strong><em>ingrati,</em></strong></span> <span class='ocrx_word' id='word_1_199' title='bbox 844 2438 897 2511; x_wconf 93' lang='lat' dir='ltr'><strong><em>qui</em></strong></span> <span class='ocrx_word' id='word_1_200' title='bbox 919 2436 1046 2511; x_wconf 82' lang='lat' dir='ltr'><strong><em>fallacis,</em></strong></span> <span class='ocrx_word' id='word_1_201' title='bbox 1065 2438 1117 2511; x_wconf 90' lang='lat' dir='ltr'><strong><em>qui</em></strong></span> <span class='ocrx_word' id='word_1_202' title='bbox 1136 2438 1213 2515; x_wconf 87' lang='lat' dir='ltr'><strong><em>fugi·</em></strong></span> 
     </span>
     <span class='ocr_line' id='line_1_25' title="bbox 197 2525 1213 2603; baseline 0.003 -21"><span class='ocrx_word' id='word_1_203' title='bbox 197 2526 254 2582; x_wconf 87' lang='lat' dir='ltr'><strong><em>tivi</em></strong></span> <span class='ocrx_word' id='word_1_204' title='bbox 277 2543 434 2600; x_wconf 85' lang='lat' dir='ltr'><strong><em>personam</em></strong></span> <span class='ocrx_word' id='word_1_205' title='bbox 458 2527 563 2584; x_wconf 89' lang='lat' dir='ltr'><strong><em>contra</em></strong></span> <span class='ocrx_word' id='word_1_206' title='bbox 584 2527 757 2583; x_wconf 89' lang='lat' dir='ltr'><strong><em>institutum</em></strong></span> <span class='ocrx_word' id='word_1_207' title='bbox 781 2544 868 2584; x_wconf 88' lang='lat' dir='ltr'><strong><em>suum</em></strong></span> <span class='ocrx_word' id='word_1_208' title='bbox 885 2525 956 2584; x_wconf 83' lang='lat' dir='ltr'><strong><em>Iove</em></strong></span> <span class='ocrx_word' id='word_1_209' title='bbox 976 2528 1098 2603; x_wconf 87' lang='lat' dir='ltr'><strong><em>cogente</em></strong></span> <span class='ocrx_word' id='word_1_210' title='bbox 1117 2544 1213 2585; x_wconf 90' lang='lat' dir='ltr'><strong><em>susce·</em></strong></span> 
     </span>
     <span class='ocr_line' id='line_1_26' title="bbox 154 2614 1213 2690; baseline 0.002 -17"><span class='ocrx_word' id='word_1_211' title='bbox 154 2634 182 2673; x_wconf 78' lang='lat' dir='ltr'><strong><em>as</em></strong></span> <span class='ocrx_word' id='word_1_212' title='bbox 196 2615 300 2690; x_wconf 88' lang='lat' dir='ltr'><strong><em>pisset.</em></strong></span> <span class='ocrx_word' id='word_1_213' title='bbox 354 2614 405 2672; x_wconf 89' lang='lat' dir='ltr'><strong><em>sed</em></strong></span> <span class='ocrx_word' id='word_1_214' title='bbox 436 2614 488 2672; x_wconf 90' lang='lat' dir='ltr'><strong><em>ille</em></strong></span> <span class='ocrx_word' id='word_1_215' title='bbox 520 2614 684 2673; x_wconf 89' lang='lat' dir='ltr'><strong><em>adsistebat</em></strong></span> <span class='ocrx_word' id='word_1_216' title='bbox 716 2617 886 2673; x_wconf 82' lang='lat' dir='ltr'><strong><em>reverenter</em></strong></span> <span class='ocrx_word' id='word_1_217' title='bbox 917 2614 1093 2675; x_wconf 88' lang='lat' dir='ltr'><strong><em>caelestibus</em></strong></span> <span class='ocrx_word' id='word_1_218' title='bbox 1125 2616 1213 2675; x_wconf 89' lang='lat' dir='ltr'><strong><em>iussis</em></strong></span> 
     </span>
     <span class='ocr_line' id='line_1_27' title="bbox 196 2703 1213 2779; baseline 0.005 -19"><span class='ocrx_word' id='word_1_219' title='bbox 196 2703 324 2779; x_wconf 89' lang='lat' dir='ltr'><strong><em>ideoque</em></strong></span> <span class='ocrx_word' id='word_1_220' title='bbox 342 2707 432 2777; x_wconf 90' lang='lat' dir='ltr'><strong><em>poeta</em></strong></span> <span class='ocrx_word' id='word_1_221' title='bbox 450 2703 525 2761; x_wconf 81' lang='lat' dir='ltr'><strong><em>dixit</em></strong></span> <span class='ocrx_word' id='word_1_222' title='bbox 543 2705 592 2762; x_wconf 85' lang='lat' dir='ltr'><strong><em>r‘lte</em></strong></span> <span class='ocrx_word' id='word_1_223' title='bbox 605 2704 687 2762; x_wconf 80' lang='lat' dir='ltr'><strong><em>Iouis</em></strong></span> <span class='ocrx_word' id='word_1_224' title='bbox 702 2706 821 2763; x_wconf 80' lang='lat' dir='ltr'><strong><em>mouttr&#39;s</em></strong></span> <span class='ocrx_word' id='word_1_225' title='bbox 833 2706 945 2763; x_wconf 86' lang='lat' dir='ltr'><strong><em>r&#39;uruotu</em></strong></span> <span class='ocrx_word' id='word_1_226' title='bbox 959 2704 1070 2763; x_wconf 81' lang='lat' dir='ltr'><strong><em>terrebat</em></strong></span> <span class='ocrx_word' id='word_1_227' title='bbox 1083 2705 1213 2765; x_wconf 84' lang='lat' dir='ltr'><strong><em>turur&#39;ua:</em></strong></span> 
     </span>
     <span class='ocr_line' id='line_1_28' title="bbox 197 2793 1212 2869; baseline 0.003 -19"><span class='ocrx_word' id='word_1_228' title='bbox 197 2793 312 2851; x_wconf 89' lang='lat' dir='ltr'><strong><em>scilicet</em></strong></span> <span class='ocrx_word' id='word_1_229' title='bbox 335 2811 394 2850; x_wconf 91' lang='lat' dir='ltr'><strong><em>non</em></strong></span> <span class='ocrx_word' id='word_1_230' title='bbox 417 2793 577 2867; x_wconf 88' lang='lat' dir='ltr'><strong><em>respiciens</em></strong></span> <span class='ocrx_word' id='word_1_231' title='bbox 601 2811 677 2868; x_wconf 90' lang='lat' dir='ltr'><strong><em>quae</em></strong></span> <span class='ocrx_word' id='word_1_232' title='bbox 700 2795 821 2869; x_wconf 87' lang='lat' dir='ltr'><strong><em>rogaret</em></strong></span> <span class='ocrx_word' id='word_1_233' title='bbox 843 2812 897 2851; x_wconf 89' lang='lat' dir='ltr'><strong><em>nec</em></strong></span> <span class='ocrx_word' id='word_1_234' title='bbox 920 2794 1058 2852; x_wconf 87' lang='lat' dir='ltr'><strong><em>lacrimas</em></strong></span> <span class='ocrx_word' id='word_1_235' title='bbox 1083 2796 1145 2853; x_wconf 90' lang='lat' dir='ltr'><strong><em>eius</em></strong></span> <span class='ocrx_word' id='word_1_236' title='bbox 1167 2797 1212 2853; x_wconf 90' lang='lat' dir='ltr'><strong><em>at-</em></strong></span> 
     </span>
     <span class='ocr_line' id='line_1_29' title="bbox 196 2881 1223 2958; baseline 0.004 -20"><span class='ocrx_word' id='word_1_237' title='bbox 196 2881 320 2939; x_wconf 89' lang='lat' dir='ltr'><strong><em>tendens</em></strong></span> <span class='ocrx_word' id='word_1_238' title='bbox 352 2881 447 2940; x_wconf 93' lang='lat' dir='ltr'><strong><em>solum</em></strong></span> <span class='ocrx_word' id='word_1_239' title='bbox 474 2881 577 2940; x_wconf 87' lang='lat' dir='ltr'><strong><em>Iovem</em></strong></span> <span class='ocrx_word' id='word_1_240' title='bbox 608 2881 731 2941; x_wconf 82' lang='lat' dir='ltr'><strong><em>videbat</em></strong></span> <span class='ocrx_word' id='word_1_241' title='bbox 762 2883 876 2955; x_wconf 89' lang='lat' dir='ltr'><strong><em>animo,</em></strong></span> <span class='ocrx_word' id='word_1_242' title='bbox 909 2882 1005 2941; x_wconf 93' lang='lat' dir='ltr'><strong><em>solum</em></strong></span> <span class='ocrx_word' id='word_1_243' title='bbox 1033 2886 1112 2942; x_wconf 85' lang='lat' dir='ltr'><strong><em>stare</em></strong></span> <span class='ocrx_word' id='word_1_244' title='bbox 1143 2886 1223 2958; x_wconf 85' lang='lat' dir='ltr'><strong><em>ante¹</em></strong></span> 
     </span>
     <span class='ocr_line' id='line_1_30' title="bbox 197 2970 1213 3047; baseline 0.002 -18"><span class='ocrx_word' id='word_1_245' title='bbox 197 2970 299 3029; x_wconf 89' lang='lat' dir='ltr'><strong><em>oeulos</em></strong></span> <span class='ocrx_word' id='word_1_246' title='bbox 321 2989 398 3043; x_wconf 87' lang='lat' dir='ltr'><strong><em>suos,</em></strong></span> <span class='ocrx_word' id='word_1_247' title='bbox 417 2988 435 3027; x_wconf 85' lang='lat' dir='ltr'><strong><em>a</em></strong></span> <span class='ocrx_word' id='word_1_248' title='bbox 455 2973 538 3029; x_wconf 91' lang='lat' dir='ltr'><strong><em>cuius</em></strong></span> <span class='ocrx_word' id='word_1_249' title='bbox 561 2974 729 3046; x_wconf 89' lang='lat' dir='ltr'><strong><em>praeceptis</em></strong></span> <span class='ocrx_word' id='word_1_250' title='bbox 752 2973 865 3030; x_wconf 90' lang='lat' dir='ltr'><strong><em>moveri</em></strong></span> <span class='ocrx_word' id='word_1_251' title='bbox 888 2989 947 3030; x_wconf 92' lang='lat' dir='ltr'><strong><em>non</em></strong></span> <span class='ocrx_word' id='word_1_252' title='bbox 970 2974 1097 3047; x_wconf 87' lang='lat' dir='ltr'><strong><em>poterat.</em></strong></span> <span class='ocrx_word' id='word_1_253' title='bbox 1134 2972 1213 3032; x_wconf 89' lang='lat' dir='ltr'><strong><em>hunc</em></strong></span> 
     </span>
    </p>
   </div>
   <div class='ocr_carea' id='block_1_3' title="bbox 194 3194 1224 3765">
    <p class='ocr_par' dir='ltr' id='par_1_3' title="bbox 194 3194 1224 3765">
     <span class='ocr_line' id='line_1_31' title="bbox 269 3194 1210 3265; baseline 0.004 -19"><span class='ocrx_word' id='word_1_254' title='bbox 269 3200 284 3245; x_wconf 74' lang='lat'><strong><em>‘2</em></strong></span> <span class='ocrx_word' id='word_1_255' title='bbox 304 3194 371 3262; x_wconf 76' lang='lat' dir='ltr'><strong><em>quid</em></strong></span> <span class='ocrx_word' id='word_1_256' title='bbox 389 3194 410 3246; x_wconf 90' lang='lat' dir='ltr'>L</span> <span class='ocrx_word' id='word_1_257' title='bbox 429 3194 502 3262; x_wconf 80' lang='lat' dir='ltr'><strong><em>quod</em></strong></span> <span class='ocrx_word' id='word_1_258' title='bbox 519 3194 549 3246; x_wconf 91' lang='lat' dir='ltr'><strong><em>in</em></strong></span> <span class='ocrx_word' id='word_1_259' title='bbox 568 3196 636 3263; x_wconf 81' lang='lat' dir='ltr'><strong><em>quid</em></strong></span> <span class='ocrx_word' id='word_1_260' title='bbox 654 3211 722 3249; x_wconf 88' lang='lat' dir='ltr'><strong><em>corr.</em></strong></span> <span class='ocrx_word' id='word_1_261' title='bbox 737 3195 770 3249; x_wconf 77' lang='lat' dir='ltr'><strong><em>R.</em></strong></span> <span class='ocrx_word' id='word_1_262' title='bbox 787 3198 792 3265; x_wconf 77' lang='lat' dir='ltr'><strong><em>l</em></strong></span> <span class='ocrx_word' id='word_1_263' title='bbox 808 3196 944 3250; x_wconf 74' lang='lat' dir='ltr'><strong><em>emiorum</em></strong></span> <span class='ocrx_word' id='word_1_264' title='bbox 962 3194 1012 3247; x_wconf 87' lang='lat' dir='ltr'><strong><em>LR</em></strong></span> <span class='ocrx_word' id='word_1_265' title='bbox 1032 3195 1148 3248; x_wconf 82' lang='lat' dir='ltr'><strong><em>maiores</em></strong></span> <span class='ocrx_word' id='word_1_266' title='bbox 1167 3195 1210 3251; x_wconf 90' lang='lat' dir='ltr'><strong><em>ed.</em></strong></span> 
     </span>
     <span class='ocr_line' id='line_1_32' title="bbox 269 3264 1174 3334; baseline 0.001 -17"><span class='ocrx_word' id='word_1_267' title='bbox 269 3271 284 3317; x_wconf 82' lang='lat'>5</span> <span class='ocrx_word' id='word_1_268' title='bbox 304 3273 443 3333; x_wconf 80' lang='lat' dir='ltr'><strong><em>expectare</em></strong></span> <span class='ocrx_word' id='word_1_269' title='bbox 460 3264 513 3318; x_wconf 82' lang='lat' dir='ltr'><strong><em>LR</em></strong></span> <span class='ocrx_word' id='word_1_270' title='bbox 531 3272 609 3319; x_wconf 90' lang='lat' dir='ltr'><strong><em>-atur</em></strong></span> <span class='ocrx_word' id='word_1_271' title='bbox 627 3266 670 3320; x_wconf 90' lang='lat' dir='ltr'><strong><em>ed.</em></strong></span> <span class='ocrx_word' id='word_1_272' title='bbox 692 3269 696 3334; x_wconf 74' lang='lat' dir='ltr'><strong><em>l</em></strong></span> <span class='ocrx_word' id='word_1_273' title='bbox 721 3266 856 3320; x_wconf 83' lang='lat' dir='ltr'><strong><em>Gaetulus</em></strong></span> <span class='ocrx_word' id='word_1_274' title='bbox 874 3283 927 3321; x_wconf 92' lang='lat' dir='ltr'><strong><em>om.</em></strong></span> <span class='ocrx_word' id='word_1_275' title='bbox 942 3266 996 3318; x_wconf 85' lang='lat' dir='ltr'><strong><em>LR</em></strong></span> <span class='ocrx_word' id='word_1_276' title='bbox 1014 3266 1078 3319; x_wconf 89' lang='lat' dir='ltr'><strong><em>add.</em></strong></span> <span class='ocrx_word' id='word_1_277' title='bbox 1098 3283 1112 3318; x_wconf 90' lang='lat' dir='ltr'><strong><em>r</em></strong></span> <span class='ocrx_word' id='word_1_278' title='bbox 1130 3265 1174 3319; x_wconf 90' lang='lat' dir='ltr'><strong><em>ed.</em></strong></span> 
     </span>
     <span class='ocr_line' id='line_1_33' title="bbox 196 3336 1209 3393; baseline 0.001 -4"><span class='ocrx_word' id='word_1_279' title='bbox 196 3343 213 3389; x_wconf 84' lang='grc'><strong>6</strong></span> <span class='ocrx_word' id='word_1_280' title='bbox 236 3338 321 3391; x_wconf 88' lang='lat' dir='ltr'><strong><em>ducat</em></strong></span> <span class='ocrx_word' id='word_1_281' title='bbox 346 3338 479 3390; x_wconf 82' lang='lat' dir='ltr'><strong><em>Gaetulus</em></strong></span> <span class='ocrx_word' id='word_1_282' title='bbox 502 3338 628 3392; x_wconf 85' lang='lat' dir='ltr'><strong><em>Hiarbas</em></strong></span> <span class='ocrx_word' id='word_1_283' title='bbox 650 3336 799 3393; x_wconf 76' lang='lat' dir='ltr'><strong><em>adductam</em></strong></span> <span class='ocrx_word' id='word_1_284' title='bbox 821 3337 874 3390; x_wconf 85' lang='lat' dir='ltr'><strong><em>LR</em></strong></span> <span class='ocrx_word' id='word_1_285' title='bbox 901 3338 986 3391; x_wconf 88' lang='lat' dir='ltr'><strong><em>ducat</em></strong></span> <span class='ocrx_word' id='word_1_286' title='bbox 1008 3338 1050 3390; x_wconf 89' lang='lat' dir='ltr'><strong><em>ed.</em></strong></span> <span class='ocrx_word' id='word_1_287' title='bbox 1073 3337 1150 3391; x_wconf 87' lang='lat' dir='ltr'><strong><em>Gaet.</em></strong></span> <span class='ocrx_word' id='word_1_288' title='bbox 1170 3338 1209 3391; x_wconf 86' lang='lat' dir='ltr'><strong><em>H.</em></strong></span> 
     </span>
     <span class='ocr_line' id='line_1_34' title="bbox 195 3407 1209 3477; baseline 0 -16"><span class='ocrx_word' id='word_1_289' title='bbox 195 3408 279 3461; x_wconf 90' lang='lat' dir='ltr'><strong><em>omisi</em></strong></span> <span class='ocrx_word' id='word_1_290' title='bbox 297 3410 330 3461; x_wconf 92' lang='lat' dir='ltr'><strong><em>ut</em></strong></span> <span class='ocrx_word' id='word_1_291' title='bbox 347 3408 528 3461; x_wconf 83' lang='lat' dir='ltr'><strong><em>manifestem</em></strong></span> <span class='ocrx_word' id='word_1_292' title='bbox 546 3407 771 3477; x_wconf 57' lang='lat' dir='ltr'><strong><em>dittogrmhiam</em></strong></span> <span class='ocrx_word' id='word_1_293' title='bbox 789 3409 936 3463; x_wconf 82' lang='lat' dir='ltr'><strong><em>abductam</em></strong></span> <span class='ocrx_word' id='word_1_294' title='bbox 959 3408 994 3462; x_wconf 88' lang='lat' dir='ltr'><strong><em>ef.</em></strong></span> <span class='ocrx_word' id='word_1_295' title='bbox 1010 3415 1034 3474; x_wconf 77' lang='lat'><strong><em>2,</em></strong></span> <span class='ocrx_word' id='word_1_296' title='bbox 1046 3413 1097 3460; x_wconf 80' lang='lat'><strong><em>632</em></strong></span> <span class='ocrx_word' id='word_1_297' title='bbox 1116 3423 1209 3461; x_wconf 91' lang='lat' dir='ltr'><strong><em>emen·</em></strong></span> 
     </span>
     <span class='ocr_line' id='line_1_35' title="bbox 195 3478 1206 3551; baseline -0.001 -19"><span class='ocrx_word' id='word_1_298' title='bbox 195 3479 271 3545; x_wconf 84' lang='lat' dir='ltr'><strong><em>davi,</em></strong></span> <span class='ocrx_word' id='word_1_299' title='bbox 289 3496 356 3532; x_wconf 91' lang='lat' dir='ltr'><strong><em>nam</em></strong></span> <span class='ocrx_word' id='word_1_300' title='bbox 374 3480 458 3533; x_wconf 83' lang='lat' dir='ltr'><strong><em>ducat</em></strong></span> <span class='ocrx_word' id='word_1_301' title='bbox 475 3496 526 3548; x_wconf 84' lang='lat' dir='ltr'><strong><em>pro</em></strong></span> <span class='ocrx_word' id='word_1_302' title='bbox 545 3480 575 3531; x_wconf 89' lang='lat' dir='ltr'><strong><em>in</em></strong></span> <span class='ocrx_word' id='word_1_303' title='bbox 592 3479 803 3533; x_wconf 87' lang='lat' dir='ltr'><strong><em>matrimonium</em></strong></span> <span class='ocrx_word' id='word_1_304' title='bbox 823 3479 909 3532; x_wconf 88' lang='lat' dir='ltr'><strong><em>ducat</em></strong></span> <span class='ocrx_word' id='word_1_305' title='bbox 922 3480 1050 3549; x_wconf 88' lang='lat' dir='ltr'><strong><em>accipere</em></strong></span> <span class='ocrx_word' id='word_1_306' title='bbox 1065 3478 1183 3532; x_wconf 86' lang='lat' dir='ltr'><strong><em>ridetur.</em></strong></span> <span class='ocrx_word' id='word_1_307' title='bbox 1203 3480 1206 3551; x_wconf 70' lang='lat' dir='ltr'><strong><em>t</em></strong></span> 
     </span>
     <span class='ocr_line' id='line_1_36' title="bbox 194 3550 1208 3613; baseline -0.001 -8"><span class='ocrx_word' id='word_1_308' title='bbox 194 3552 242 3605; x_wconf 80' lang='lat' dir='ltr'><strong><em>cui</em></strong></span> <span class='ocrx_word' id='word_1_309' title='bbox 259 3550 311 3603; x_wconf 82' lang='lat' dir='ltr'><strong><em>LR</em></strong></span> <span class='ocrx_word' id='word_1_310' title='bbox 330 3553 355 3605; x_wconf 84' lang='lat' dir='ltr'><strong><em>r&#39;s</em></strong></span> <span class='ocrx_word' id='word_1_311' title='bbox 372 3553 419 3605; x_wconf 83' lang='lat' dir='ltr'><strong><em>out</em></strong></span> <span class='ocrx_word' id='word_1_312' title='bbox 437 3551 480 3603; x_wconf 94' lang='lat' dir='ltr'><strong><em>ed.</em></strong></span> <span class='ocrx_word' id='word_1_313' title='bbox 546 3555 560 3602; x_wconf 78' lang='lat'><strong><em>‘1</em></strong></span> <span class='ocrx_word' id='word_1_314' title='bbox 579 3567 653 3604; x_wconf 86' lang='lat' dir='ltr'><strong><em>meas</em></strong></span> <span class='ocrx_word' id='word_1_315' title='bbox 670 3550 721 3603; x_wconf 89' lang='lat' dir='ltr'><strong><em>LR</em></strong></span> <span class='ocrx_word' id='word_1_316' title='bbox 741 3568 814 3613; x_wconf 81' lang='lat' dir='ltr'><strong><em>meas</em></strong></span> <span class='ocrx_word' id='word_1_317' title='bbox 831 3568 872 3605; x_wconf 87' lang='lat' dir='ltr'><strong><em>me</em></strong></span> <span class='ocrx_word' id='word_1_318' title='bbox 890 3550 933 3603; x_wconf 85' lang='lat' dir='ltr'><strong><em>ed.</em></strong></span> <span class='ocrx_word' id='word_1_319' title='bbox 1000 3557 1033 3604; x_wconf 87' lang='lat'><strong><em>10</em></strong></span> <span class='ocrx_word' id='word_1_320' title='bbox 1050 3551 1159 3604; x_wconf 84' lang='lat' dir='ltr'><strong><em>subules</em></strong></span> <span class='ocrx_word' id='word_1_321' title='bbox 1177 3550 1208 3604; x_wconf 90' lang='lat' dir='ltr'><strong><em>L.</em></strong></span> 
     </span>
     <span class='ocr_line' id='line_1_37' title="bbox 251 3621 1224 3676; baseline -0.006 0"><span class='ocrx_word' id='word_1_322' title='bbox 251 3627 282 3676; x_wconf 92' lang='lat'><strong><em>11</em></strong></span> <span class='ocrx_word' id='word_1_323' title='bbox 303 3629 393 3676; x_wconf 82' lang='lat' dir='ltr'><strong><em>tamea</em></strong></span> <span class='ocrx_word' id='word_1_324' title='bbox 412 3622 464 3674; x_wconf 87' lang='lat' dir='ltr'><strong><em>LR</em></strong></span> <span class='ocrx_word' id='word_1_325' title='bbox 482 3629 589 3676; x_wconf 85' lang='lat' dir='ltr'><strong><em>tautum</em></strong></span> <span class='ocrx_word' id='word_1_326' title='bbox 608 3621 651 3674; x_wconf 89' lang='lat' dir='ltr'><strong><em>ed.</em></strong></span> <span class='ocrx_word' id='word_1_327' title='bbox 708 3627 740 3674; x_wconf 75' lang='lat'><strong><em>12</em></strong></span> <span class='ocrx_word' id='word_1_328' title='bbox 760 3639 792 3675; x_wconf 88' lang='lat' dir='ltr'><strong><em>ue</em></strong></span> <span class='ocrx_word' id='word_1_329' title='bbox 810 3622 863 3675; x_wconf 81' lang='lat' dir='ltr'><strong><em>Lll</em></strong></span> <span class='ocrx_word' id='word_1_330' title='bbox 881 3622 998 3675; x_wconf 75' lang='lat' dir='ltr'><strong><em>autad.</em></strong></span> <span class='ocrx_word' id='word_1_331' title='bbox 1050 3627 1092 3673; x_wconf 62' lang='lat' dir='ltr'><strong><em>lt</em></strong></span> <span class='ocrx_word' id='word_1_332' title='bbox 1108 3623 1224 3672; x_wconf 73' lang='lat' dir='ltr'><strong><em>abneca-</em></strong></span> 
     </span>
     <span class='ocr_line' id='line_1_38' title="bbox 194 3687 1197 3765; baseline -0.005 -19"><span class='ocrx_word' id='word_1_333' title='bbox 194 3711 255 3747; x_wconf 84' lang='lat' dir='ltr'><strong><em>suu</em></strong></span> <span class='ocrx_word' id='word_1_334' title='bbox 274 3694 303 3747; x_wconf 82' lang='lat' dir='ltr'><strong><em>L.</em></strong></span> <span class='ocrx_word' id='word_1_335' title='bbox 360 3698 392 3745; x_wconf 85' lang='lat'><strong><em>18</em></strong></span> <span class='ocrx_word' id='word_1_336' title='bbox 410 3694 451 3746; x_wconf 86' lang='lat' dir='ltr'><strong><em>ad</em></strong></span> <span class='ocrx_word' id='word_1_337' title='bbox 466 3700 492 3746; x_wconf 86' lang='lat' dir='ltr'><strong><em>te</em></strong></span> <span class='ocrx_word' id='word_1_338' title='bbox 509 3692 568 3745; x_wconf 71' lang='grc' dir='ltr'><strong><em>ΒΗ.</em></strong></span> <span class='ocrx_word' id='word_1_339' title='bbox 626 3698 661 3747; x_wconf 77' lang='lat'><strong><em>24</em></strong></span> <span class='ocrx_word' id='word_1_340' title='bbox 679 3695 866 3751; x_wconf 78' lang='lat' dir='ltr'><strong><em>coustitutum</em></strong></span> <span class='ocrx_word' id='word_1_341' title='bbox 885 3694 959 3765; x_wconf 54' lang='lat' dir='ltr'><strong><em>adl</em></strong></span> <span class='ocrx_word' id='word_1_342' title='bbox 975 3693 1143 3760; x_wconf 65' lang='lat' dir='ltr'><strong><em>suscipisset</em></strong></span> <span class='ocrx_word' id='word_1_343' title='bbox 1153 3687 1197 3736; x_wconf 54' lang='lat' dir='ltr'><strong><em>&#39;xa</em></strong></span> 
     </span>
    </p>
   </div>
   <div class='ocr_carea' id='block_1_4' title="bbox 237 3787 1031 3841">
    <p class='ocr_par' dir='ltr' id='par_1_4' title="bbox 237 3787 1031 3841">
     <span class='ocr_line' id='line_1_39' title="bbox 237 3787 1031 3841; baseline 0.021 -15"><span class='ocrx_word' id='word_1_344' title='bbox 237 3790 295 3827; x_wconf 84' lang='lat' dir='ltr'><strong><em>Dan.</em></strong></span> <span class='ocrx_word' id='word_1_345' title='bbox 308 3790 402 3836; x_wconf 70' lang='lat' dir='ltr'><strong><em>interpr</em></strong></span> <span class='ocrx_word' id='word_1_346' title='bbox 420 3792 487 3841; x_wconf 81' lang='lat' dir='ltr'><strong><em>Verg.</em></strong></span> <span class='ocrx_word' id='word_1_347' title='bbox 507 3793 553 3833; x_wconf 81' lang='lat' dir='ltr'><strong><em>vol.</em></strong></span> <span class='ocrx_word' id='word_1_348' title='bbox 565 3794 583 3833; x_wconf 90' lang='lat'><strong><em>1.</em></strong></span> <span class='ocrx_word' id='word_1_349' title='bbox 988 3787 1031 3835; x_wconf 56' lang='grc' dir='ltr'><strong><em>Ἦ)</em></strong></span> 
     </span>
    </p>
   </div>
   <div class='ocr_carea' id='block_1_5' title="bbox 0 0 1372 4159">
    <p class='ocr_par' dir='ltr' id='par_1_5' title="bbox 0 0 1372 4159">
     <span class='ocr_line' id='line_1_40' title="bbox 0 0 1372 4159; baseline 0 3"><span class='ocrx_word' id='word_1_350' title='bbox 0 0 1372 4159; x_wconf 95' lang='lat' dir='ltr'><strong><em> </em></strong></span> 
     </span>
    </p>
   </div>
  </div>
 </body>
</html>
