2734 4159
568 340 751 395 AENEIDOS
770 341 796 393 V
1127 342 1193 407 5p3

174 510 308 569 dilucide
326 509 479 587 probatur,
502 511 555 585 qui
573 511 606 568 in
625 510 756 569 alienum
774 512 821 569 ius
843 510 1054 570 auctoritatem
1072 512 1194 571 iubendi

176 599 332 659 exercebat
350 600 522 676 gratulante
542 618 586 672 eo,
605 601 659 675 qui
673 602 774 677 posset
787 600 997 677 contradicere,
1015 601 1074 660 nisi
1088 602 1194 661 fuisset

175 692 208 748 in
232 690 368 748 omnibus
387 688 529 748 liberalis.
565 689 725 763 didicitque
742 691 842 762 fernen
860 693 887 747 et
897 690 1037 762 patribus
1055 691 1107 749 dot
1122 693 1193 749 inra

176 781 300 838 necatis:
323 779 379 837 hoc
401 797 461 837 non
480 777 611 851 Acestes,
630 779 682 838 sed
700 777 832 853 Aeneae,
854 780 923 853 post
946 779 1095 854 expletam
1113 780 1192 838 enirn

146 867 291 929 sAcestis
314 865 549 926 benivolentiam
575 867 667 925 rediit
694 867 732 925 ad
754 867 873 926 Aeneae
902 867 1120 942 dispositiones.
1165 869 1192 927 is

174 959 286 1033 quippe
306 957 359 1031 qui
379 955 525 1015 condebat
547 956 653 1014 urbem
675 976 786 1015 noram
809 955 913 1015 debuit
934 955 1092 1016 instituere
1116 976 1192 1032 quae

173 1046 329 1105 civitatem
347 1047 455 1122 regant
474 1048 504 1104 et
522 1046 615 1121 ipsius
630 1045 846 1121 rempublicam
859 1045 986 1123 firment,
1001 1047 1063 1105 eius
1078 1047 1193 1105 scilicet

173 1137 276 1210 patres
299 1137 330 1193 et
352 1135 566 1210 municipalem
589 1135 693 1213 legem.
739 1140 802 1193 taen
823 1137 923 1195 uicina
945 1137 1034 1193 osiris
1057 1136 1192 1209 Erycina

174 1227 207 1281 in
225 1225 329 1283 nertin
351 1225 431 1283 sedes
453 1225 600 1297 fundatur
629 1224 735 1284 Veneri
757 1224 891 1283 Idaliae:
913 1242 973 1283 non
996 1224 1093 1283 defuit
1112 1242 1183 1282 cura
1194 1230 1246 1280 '160

133 1333 161 1373 ro
175 1313 309 1390 religiosi
322 1312 375 1386 fili,
393 1315 428 1371 ut
441 1312 537 1371 futuri
550 1313 665 1372 incolae
680 1311 825 1373 haberent
843 1314 874 1372 in
894 1312 1000 1372 alienis
1019 1313 1191 1390 regionibus

176 1403 268 1459 etiarn
285 1401 400 1461 Idaliae
415 1399 538 1460 Veneris
562 1402 716 1478 templum,
739 1404 776 1460 ut
797 1405 830 1460 in
850 1401 955 1461 Sicilia
977 1403 1109 1462 colerent
1132 1420 1191 1478 quo

174 1490 353 1550 fovebantur
375 1493 406 1549 in
431 1492 529 1550 Troia.
574 1492 768 1550 constitintrm
785 1493 880 1569 igitur
899 1492 1013 1550 excelso
1031 1494 1064 1549 in
1082 1494 1193 1564 monte,

173 1579 273 1655 ipsum
303 1599 421 1656 quoque
449 1580 594 1655 templum
621 1583 686 1638 tam
716 1580 851 1654 sublime,
880 1582 915 1639 ut
942 1583 1020 1640 esset
1046 1580 1192 1640 sideribus

174 1671 350 1745 proximum.
398 1670 564 1744 tnmnlcqne
585 1670 721 1729 sccndcs
740 1688 775 1730 ac
793 1671 876 1728 ianas
894 1671 952 1728 late
969 1687 1053 1729 sacer
1071 1671 1192 1728 additur

133 1776 159 1817 15
174 1755 333 1817 Anchiseo:
348 1758 470 1816 additur
483 1759 529 1817 bis
544 1758 763 1835 accipiendum:
778 1757 899 1818 additur
912 1758 1057 1833 sacerdos,
1071 1758 1193 1817 additur

173 1849 258 1905 lucus
290 1848 406 1906 tumulo
439 1846 595 1907 Anchiseo.
650 1865 711 1906 nou
742 1847 896 1907 custodem
926 1848 987 1907 loci
1018 1848 1107 1921 dixit,
1140 1847 1191 1907 scd

173 1935 370 2009 sacerdotem3
403 1937 471 1995 vult
501 1936 580 1995 euim
606 1936 759 2015 Vergilius
786 1936 950 2011 Anchisen,
982 1940 1016 1996 ut
1049 1938 1187 2012 plurimis

173 2027 247 2084 locis
271 2024 462 2099 ostendimus,
484 2027 564 2084 inter
587 2025 656 2085 deos
680 2028 840 2085 numerari.

241 2116 365 2188 Iusnpne
383 2116 445 2173 dics
469 2115 587 2188 cpnata
608 2132 712 2174 nocem
727 2132 798 2190 pens
816 2117 926 2174 omnis:
954 2118 984 2173 et
1002 2133 1190 2174 remansuros

132 2224 160 2263 ao
175 2205 264 2262 simul
292 2207 323 2263 ct
352 2222 517 2263 recessuros
546 2203 686 2263 debemus
713 2204 880 2278 advertere,
913 2222 1070 2279 possumus
1099 2206 1191 2262 etiam

173 2293 253 2350 idem
276 2295 386 2352 sentire
414 2293 450 2351 de
474 2292 591 2352 Siculis.
638 2298 665 2352 et
692 2286 755 2353 aris
783 2296 881 2367 facins
908 2295 1012 2352 lunas:
1043 2292 1191 2352 debebant

175 2384 285 2457 quippe
309 2383 402 2440 etiam
425 2381 469 2439 dii
492 2381 627 2441 adhiberi
649 2402 705 2458 per
727 2400 820 2456 sacra,
843 2384 878 2440 ut
900 2382 990 2441 rebus
1014 2382 1099 2442 noris
1122 2401 1191 2458 pro-

175 2488 295 2543 sperum
318 2471 486 2545 auspicium
509 2470 615 2530 darent
638 2473 668 2530 et
687 2471 821 2532 favorem
839 2471 1005 2530 tribuerent
1022 2471 1190 2531 recessuris.

169 2558 284 2631 placidi
306 2563 474 2619 drocensi
492 2578 620 2634 aequora
637 2562 717 2619 nenti
739 2561 836 2620 creber
859 2565 885 2618 ei
902 2562 1063 2633 adspirans
1085 2578 1191 2619 rursus

132 2666 159 2709 aa
173 2651 257 2705 ccccc
279 2652 377 2707 ansier
399 2651 432 2708 in
460 2651 568 2708 aiinnn:
597 2648 751 2725 dispositis
779 2648 915 2708 omnibus
944 2668 1020 2726 quae
1048 2650 1191 2725 temporis

173 2737 333 2796 necessitas
357 2737 494 2817 exigebat
517 2741 547 2797 et
570 2740 699 2813 peractis
719 2740 865 2798 conviviis
888 2758 943 2816 per
959 2738 1104 2814 plurimos
1128 2739 1191 2798 dies

172 2829 235 2884 iam
255 2830 414 2902 coeperant
432 2828 593 2906 suffragari
610 2829 707 2887 maria
727 2829 757 2886 et
775 2829 867 2901 renti,
889 2830 925 2887 ut
942 2830 1088 2904 oportune
1106 2829 1191 2887 nari·

171 2918 240 2992 gari
262 2917 417 2991 potuisset.
456 2919 585 2977 ncrilccr
601 2934 754 2991 procurva
776 2918 879 2992 trepens
896 2935 953 2990 per
976 2918 1064 2976 litore
1087 2918 1245 2989 pensare

246 3087 405 3141 3leberaies
423 3086 475 3139 LR
494 3102 563 3141 corr.
582 3104 597 3139 r
615 3086 658 3140 ed.
745 3086 895 3141 5Aceetne
912 3086 955 3139 ed.
981 3086 986 3156 Ι
1015 3086 1058 3140 bis
1075 3085 1128 3140 aa
1146 3085 1189 3141 cd.

172 3159 197 3210 is
220 3174 279 3212 nos.
372 3158 562 3212 decedebant
579 3157 605 3210 R
623 3157 666 3211 ed.
686 3158 747 3211 -bat
768 3175 830 3210 r=
846 3157 875 3211 L.
968 3158 1066 3212 ‘leina
1090 3158 1193 3213 scilicet

173 3229 226 3281 LR
245 3230 287 3282 ed.
308 3231 395 3284 clins
412 3230 513 3283 scilicet
531 3235 573 3283 et?
655 3229 787 3283 titaliae
804 3229 837 3282 R.
933 3234 1037 3281 11-12
1056 3229 1192 3297 quodec-

170 3302 306 3355 neboninr
324 3300 376 3353 LR
398 3317 451 3369 qno
473 3300 637 3367 fovebantur
654 3316 704 3353 nos
731 3301 804 3369 qnod
821 3300 945 3355 solebant
962 3299 1005 3354 cd.
1098 3305 1130 3353 13
1153 3300 1191 3355 ei·

174 3373 268 3426 derins
290 3372 319 3425 L.
412 3375 444 3425 15
468 3371 622 3425 Anchisaeo
646 3370 689 3424 ed.
782 3375 814 3423 1'1
837 3376 870 3425 nt
893 3387 946 3424 om.
964 3370 990 3424 R
1013 3370 1078 3424 add.
1096 3388 1119 3425 r.

174 3449 207 3495 21
228 3444 352 3497 debemus
370 3443 422 3496 LR
441 3442 483 3496 ed
508 3441 665 3497 deberentr
687 3443 768 3497 -bant
789 3440 819 3497 r'.
910 3448 944 3496 22
968 3440 1105 3497 advenae
1126 3444 1192 3511 post

174 3515 257 3567 etiam
275 3514 405 3583 interpol.
425 3512 467 3567 ed.
504 3514 507 3583 Ι
542 3513 585 3568 dii
602 3513 654 3568 nli
673 3512 729 3569 daeo
747 3511 790 3567 ed.
826 3516 831 3583 Ι
864 3514 942 3568 nocis
960 3529 1121 3582 prosperum
1139 3512 1192 3565 La

170 3586 311 3653 prosperis
333 3602 433 3638 nnnrn
456 3585 499 3639 ed.
591 3590 626 3638 28
649 3585 799 3641 bsbwrint
816 3584 846 3639 L.
937 3585 1043 3638 27-28
1061 3585 1193 3655 nacipan

167 3657 325 3723 potuissent
347 3655 399 3710 LR
422 3672 449 3709 n.
465 3657 600 3725 potuisset
622 3673 673 3711 nos
697 3672 734 3711 an
756 3657 889 3727 nauigare
908 3656 1081 3725 petanense
1116 3657 1205 3704 nauu-

170 3743 239 3796 pare
253 3733 364 3795 possent
381 3726 424 3781 ed.

220 3825 279 3864 Don.
293 3826 389 3875 interpr,
401 3828 469 3881 virg.
493 3830 539 3872 vol.
550 3832 570 3873 1.
615 3797 624 3814 ⁹
977 3814 1022 3864 Ὦ
