2734 4159
585 312 769 369 AENEIDOS
786 313 801 370 1
1158 313 1201 379 47

183 487 277 542 tunae
295 482 439 562 suffragio
458 502 493 542 ex
512 484 621 542 intima
639 502 780 543 saxorum
798 484 931 561 ipsorum
950 487 1037 561 parte
1050 484 1201 544 liberatos.

184 590 234 631 oos
255 576 282 632 et
301 571 443 646 Cyclopea
464 590 540 631 sara
564 575 686 645 apori:
711 572 853 650 Gyolopes
876 574 1008 633 humana
1027 575 1133 650 speeie,
1151 572 1203 633 sed
1265 597 1267 602 ·

184 662 266 721 ultra
288 662 413 721 humani
436 663 568 738 eorporis
591 661 733 721 formam:
756 663 811 722 hos
831 663 1004 740 plenissime
1026 665 1116 740 poeta
1139 664 1203 739 ipso

184 769 347 826 eorumque
365 751 518 810 feritatem
535 752 568 809 in
586 752 677 810 terlio
697 751 774 811 libro
794 754 923 828 scripsit,
942 772 1009 811 eum
1027 771 1087 811 uno
1107 751 1203 825 oeulo,

163 841 277 899 neruda
305 841 406 899 autem
430 858 532 915 earne,
554 840 696 901 membris
720 860 837 917 quoque
860 841 1025 901 oooisorum
1047 842 1203 900 hominum

184 930 345 1003 vescentis,
377 948 452 1005 quos
483 931 613 989 evasisse
645 930 845 989 Troianorum
880 931 984 989 futura
1020 932 1203 1007 prosperitas

184 1019 264 1078 feeit.
311 1018 378 1077 vult
405 1037 476 1096 ergo
499 1018 617 1079 Aeneas
644 1019 718 1078 haee
746 1020 838 1079 fuisse
866 1021 1019 1097 graviora,
1048 1038 1067 1077 a
1095 1019 1203 1095 quibus

184 1128 252 1167 eum
272 1107 397 1166 Troiani
418 1108 481 1166 iam
504 1108 752 1182 dissimulassent,
770 1109 930 1186 persuadet
953 1108 1204 1169 dissimulandum

184 1199 278 1256 etiam
305 1216 324 1255 a
350 1197 570 1273 praesentibus,
597 1216 673 1273 quae
701 1198 822 1274 volebat
845 1217 908 1258 esse
930 1198 1053 1257 leviora.
1099 1199 1204 1270 forsan

144 1290 210 1348 roet
237 1287 309 1344 haee
335 1286 405 1344 olim
431 1288 596 1345 meminisse
625 1288 752 1345 meabit:
784 1287 945 1347 delectabit
972 1305 1039 1361 nos,
1068 1306 1135 1346 eum
1166 1286 1204 1345 ad

183 1392 329 1453 prospera
351 1376 533 1449 venerimus,
559 1377 651 1435 etiam
673 1376 747 1436 haee
769 1379 849 1436 inter
871 1378 953 1436 mala
975 1378 1079 1436 nostra
1101 1395 1203 1435 nume-

183 1484 260 1524 rare.
305 1464 355 1523 hio
378 1463 530 1524 sciendum
553 1467 598 1525 est
621 1466 694 1524 olim
718 1465 966 1544 significationem
993 1466 1102 1525 habere
1129 1468 1203 1524 tem-

183 1572 293 1631 porum
315 1554 423 1627 trium,
450 1555 621 1630 praeteriti,
643 1556 810 1631 praesentis
835 1558 865 1615 et
888 1555 996 1615 futuri:
1033 1575 1069 1615 ex
1096 1554 1204 1631 quibus

183 1645 285 1720 priseo
316 1661 399 1702 moro
431 1643 504 1701 olim
540 1643 735 1703 manifestum
772 1647 818 1704 est
853 1647 1050 1722 praeteritum
1085 1647 1204 1720 tempus

140 1756 167 1795 15
185 1732 350 1805 ostendere,
373 1730 526 1810 Vergilius
548 1752 628 1792 nune
651 1734 697 1791 ait
719 1734 792 1792 olim
814 1736 985 1794 meminisse
1011 1734 1143 1807 iuvabit,
1170 1734 1205 1791 ut

186 1820 371 1898 significaret
393 1822 542 1896 futurum,
569 1840 710 1898 praesens
734 1841 805 1882 vero
828 1826 946 1899 tempus
969 1824 1049 1883 idem
1073 1822 1205 1882 ostendit
1287 1847 1292 1852 ·

186 1910 312 1969 dicendo
336 1902 382 1989 (5,
403 1910 479 1983 124)
503 1914 566 1985 „est
588 1912 693 1987 procul
717 1913 749 1970 in
771 1912 879 1990 pelago
904 1932 1008 1972 saxum
1032 1912 1205 1987 spumantia

186 2003 292 2059 eontra
324 1999 428 2074 litora,
461 2000 541 2075 quod
572 2001 698 2060 tumidis
734 2001 917 2061 submersum
955 2002 1096 2060 tunditur
1132 2000 1205 2059 olim

185 2087 340 2162 fluetibus,
362 2088 481 2147 hiberni
504 2088 636 2148 eondunt
659 2090 713 2148 ubi
735 2091 833 2150 sidera
856 2089 945 2164 eori‘,
967 2090 1023 2149 hoa
1049 2092 1108 2163 est,
1136 2107 1205 2148 eum

139 2205 169 2243 20
186 2178 387 2238 occidentium
410 2178 541 2236 siderum
563 2180 676 2237 fuerint
698 2181 892 2255 tempestates
916 2181 1044 2252 exortae,
1068 2177 1206 2236 tunditur

187 2286 312 2344 semper.
353 2270 532 2339 pararios
555 2286 654 2337 cosas,
677 2287 735 2341 per
758 2273 798 2327 tot
819 2270 992 2328 discrimina
1014 2285 1113 2327 reram
1136 2269 1260 2325 tea-206

186 2358 285 2416 dimas
303 2356 337 2413 ia
354 2356 486 2425 Laium,
504 2358 586 2416 sedes
604 2359 655 2416 abi
673 2358 740 2430 fala
763 2360 876 2431 quimus
898 2358 1060 2425 osteademt,
1079 2357 1138 2416 illio
1156 2358 1205 2429 fas

185 2465 280 2521 reama
302 2462 453 2519 reserpere
477 2446 591 2505 Troiae.
638 2445 761 2521 [durate
785 2452 811 2505 ei
832 2450 941 2506 uosmet
961 2448 1049 2505 rebus
1075 2443 1206 2522 seruate]

185 2535 338 2595 semaeias:
370 2534 489 2610 quando
517 2554 634 2595 neeesse
663 2538 709 2595 est
731 2536 770 2594 ad
792 2537 871 2595 bona
893 2555 947 2612 per
970 2537 1051 2595 mala
1073 2536 1206 2609 transiri,

137 2652 168 2691 25
185 2641 400 2701 prosperorum
423 2642 475 2699 spe
497 2625 654 2684 toleranda
675 2629 746 2684 sunt
764 2625 964 2699 adversa,·vel
987 2626 1115 2684 maxime
1139 2644 1206 2683 oum

186 2712 353 2791 spondetur
380 2714 476 2771 otium
503 2716 723 2790 sempiternum.
771 2734 788 2773 a
811 2717 945 2790 tempore
968 2715 1041 2774 feeit
1063 2733 1206 2790 conpara-

186 2806 303 2862 tionem
326 2800 471 2860 bonorum
500 2806 530 2861 et
556 2805 713 2862 malorum.
760 2822 828 2863 aum
851 2806 986 2863 enimin
1009 2803 1142 2863 adversis
1166 2804 1207 2861 sit

186 2893 400 2951 brevissimum
422 2894 549 2967 tempus,
573 2893 805 2969 tranquillitatis
823 2913 894 2953 vero
913 2896 1100 2970 perpetuum,
1118 2892 1206 2951 facile

186 2979 367 3057 persuadere
390 2983 490 3055 potuit
513 2984 547 3040 ut
570 2984 686 3041 animos
711 3003 728 3040 a
751 3002 885 3042 maerore
910 2985 1091 3043 revocarent.
1137 2983 1207 3057 post

264 3210 279 3257 2
298 3205 422 3275 epompio
435 3204 487 3258 LR
506 3207 536 3258 at
554 3205 585 3257 in
603 3205 747 3275 prooemio
765 3208 898 3277 cyclopes.
916 3205 1048 3275 lsedLR
1065 3210 1170 3258 smair.

189 3283 205 3329 8
226 3276 460 3330 dissimulandam
479 3276 531 3329 LR
554 3278 604 3330 -ola
623 3294 677 3332 esse
696 3277 738 3330 ed.
848 3282 863 3330 9
883 3278 966 3331 etiam
983 3295 1001 3331 a
1016 3275 1207 3346 praesentibus

188 3366 245 3402 om.
266 3347 309 3400 ed.
409 3353 440 3401 11
461 3349 584 3402 oeaimas
601 3348 654 3400 LR
672 3352 809 3403 veniemus
826 3367 840 3401 r
859 3350 1011 3402 oemerimas
1029 3346 1050 3400 r'
1070 3348 1208 3401 oeaiemas

189 3420 235 3473 ed.
271 3420 274 3487 l
309 3424 404 3472 mostra
423 3435 476 3473 om.
496 3419 539 3472 ed.
641 3425 674 3472 16
694 3421 763 3474 idem
783 3437 837 3474 om.
857 3420 899 3473 ed.
999 3424 1031 3473 19
1050 3419 1148 3473 haemi
1167 3416 1184 3486 (⁸

189 3490 291 3559 quinto
311 3490 396 3558 eham)
415 3489 474 3544 LR.
551 3494 585 3543 20
605 3497 758 3559 tempestate
776 3491 828 3544 LR
846 3507 914 3544 corr.
935 3491 978 3544 ed.
1052 3496 1208 3557 mamper

189 3561 244 3615 Lll
262 3564 376 3630 iamper
395 3561 437 3614 ed.
507 3567 540 3615 23
560 3564 625 3630 poet
647 3563 746 3616 Troiae
764 3562 891 3630 sequitur
909 3578 993 3630 usqae
1010 3561 1137 3617 secandis
1155 3559 1207 3613 LR

190 3631 284 3757 {appi
305 3631 403 3754 eddef.
424 3637 483 3687 191.
566 3637 599 3685 29
620 3635 727 3688 aaimos
746 3633 798 3687 LR
815 3636 919 3691 amieos
938 3633 984 3689 ed.
1013 3636 1028 3705 t
1057 3635 1224 3688 restaurem

263 3710 316 3757 -ret
333 3719 372 3755 e.
