2734 4159
152 314 219 380 456
433 312 574 369 DONATI
591 314 761 368 INTRRPR.
781 314 888 369 VERG.

154 484 192 542 ad
206 485 365 559 specialem
380 483 631 561 significationem
644 483 713 542 Nisi
727 487 757 542 et
772 484 906 560 Euryali,
922 486 1036 543 occasio
1056 486 1182 546 intelle-

153 574 236 651 gitur
253 574 372 632 fecisse:
396 572 540 632 nonnullo
558 572 666 631 merito
686 574 800 632 cunctis
820 574 911 632 fuisse
929 575 1060 649 potiores
1080 576 1184 635 voluit

154 661 365 721 demonstrare.
412 661 554 722 describit
577 664 639 720 iam
662 662 810 740 singulos,
840 660 883 721 ut'
902 681 962 721 non
985 668 1073 721 vacet
1098 666 1182 739 quod

97 756 214 810 ‘zebeae
237 770 256 809 a
279 752 385 810 ceteris
408 751 568 826 separavit.
605 752 761 825 Earpalas
784 753 883 825 forma
905 754 1031 826 insipais
1049 754 1182 812 nitidas-

153 857 208 913 que
229 843 364 899 irrepta:
386 844 421 898 ut
441 842 574 915 apertius
598 840 767 899 ostenderet
785 860 845 899 non
864 843 1054 900 accuratione
1075 841 1182 917 aliqua
1209 863 1221 903 s

153 928 258 1002 fuisse,
290 929 342 988 sed
366 930 474 987 aetatis
498 928 589 1000 bono,
616 928 759 1006 insignis,
789 931 903 1004 inquit,
931 930 990 988 fuit
1018 929 1117 989 forma
1149 935 1182 991 et

153 1019 276 1076 iuventa
299 1019 424 1094 pulcher
447 1017 604 1093 Euryalus.
650 1018 745 1077 Nisus
772 1036 871 1077 amore
895 1020 949 1092 pio
971 1021 1076 1092 paeri:
1109 1020 1180 1078 sub·

154 1107 275 1165 auditur
298 1107 334 1165 de
353 1106 556 1183 superioribus
579 1108 715 1184 insignis.
757 1108 929 1181 ornabatur,
947 1110 1056 1183 inquit,
1074 1109 1180 1185 Nisus,

156 1197 227 1270 quia
248 1196 299 1271 pio
324 1215 424 1255 amore
448 1195 594 1274 diligebat
612 1196 788 1273 Euryalum.
831 1197 948 1255 addidit
967 1197 1062 1255 amori
1081 1199 1180 1273 pieta-

154 1288 229 1357 tem,
252 1304 289 1343 ne
312 1284 479 1361 Euryalum
502 1287 601 1345 forma
622 1287 771 1362 insignem
795 1288 826 1344 et
849 1288 949 1344 aetate
972 1289 1180 1360 praestantem
1195 1310 1223 1350 ro

154 1392 254 1432 amore
272 1376 356 1449 turpi
374 1374 466 1433 Nisus
490 1375 614 1452 diligere
638 1374 798 1434 videretur.
845 1392 917 1448 quos
940 1375 1044 1434 claude
1062 1381 1180 1436 secutas

153 1465 252 1535 rapias
277 1466 392 1536 eprepia
409 1464 526 1523 Priami
549 1465 584 1522 de
606 1467 697 1537 stirpe
715 1466 836 1523 Diores:
863 1467 933 1540 post
955 1465 1009 1523 hos
1032 1468 1182 1539 processit

101 1575 109 1581 ·
153 1551 275 1626 Diores,
298 1552 363 1627 ipse
388 1572 505 1628 quoque
529 1553 690 1627 Troianus3
718 1573 789 1611 nam
811 1553 848 1612 de
871 1558 958 1631 gente
982 1553 1097 1611 Priami
1119 1555 1182 1613 fuit

153 1641 309 1716 praeclara
335 1644 365 1700 et
387 1660 506 1719 magna.
552 1643 629 1701 laroc
651 1641 753 1701 Salias
775 1643 864 1701 simol
887 1647 914 1701 et
934 1644 1060 1701 Patron:
1090 1644 1180 1716 hunc,

153 1731 211 1789 hoc
234 1732 279 1789 est
301 1729 427 1805 Dioren,
451 1733 569 1789 secutus
593 1734 639 1790 est
662 1730 776 1805 Salius,
799 1734 917 1790 secutus
941 1731 1032 1790 etiam
1055 1731 1180 1791 Patron.
1195 1753 1222 1795 ro

154 1836 279 1892 pueram
302 1820 376 1878 alter
390 1818 543 1888 Acerrae,
567 1821 641 1879 alter
663 1822 701 1879 ab
715 1820 849 1879 Arcadia
866 1822 1011 1894 Tepeaeae
1034 1824 1180 1895 scopatae

152 1910 260 1982 peratis:
285 1908 412 1967 alterum
427 1909 504 1967 dixit
518 1907 634 1967 Salium
648 1910 700 1983 qui
720 1910 853 1969 essetab
873 1910 1045 1968 Acarnania
1064 1902 1180 1991 (ipsum

156 1998 235 2055 enirn
258 2000 356 2073 primo
379 1989 576 2078 nominavit),
600 1998 727 2057 alterum
752 2000 805 2073 qui
826 2001 904 2058 esset
922 1999 1035 2058 Patron
1059 1999 1097 2057 ab
1120 1999 1179 2057 Ar·

102 2086 252 2145 300cadia
275 2105 402 2164 magnae
426 2087 533 2164 gentis
580 2091 641 2144 trem
664 2088 722 2146 elac
748 2089 899 2147 Trinacrii
922 2091 1053 2156 turenae,
1077 2088 1109 2145 id
1133 2093 1181 2147 est

155 2176 187 2232 in
212 2175 314 2233 Sicilia
337 2178 445 2252 geniti,
474 2176 617 2250 Helymus
640 2177 842 2250 Panopesque,
872 2178 987 2237 adsueti
1008 2178 1105 2246 sitris,
1134 2196 1179 2236 ce-
1193 2201 1223 2240 ao

155 2267 238 2323 mites
260 2266 384 2323 senioris
397 2263 535 2323 Acestae:
559 2266 611 2339 qui
635 2268 733 2323 essent
752 2266 870 2325 adsueti
893 2266 977 2326 silvis
995 2266 1179 2342 perindeque
1289 2302 1291 2306 -

156 2353 257 2411 durati
280 2354 317 2412 ad
336 2353 470 2413 laborem
490 2357 519 2411 et
538 2353 623 2431 digni
642 2354 695 2429 qui
712 2354 816 2413 Acesti
834 2358 956 2414 comites
974 2355 1180 2432 iungerentur,

156 2443 310 2517 cumipse
335 2462 452 2517 quoque
475 2443 605 2501 venandi
629 2462 719 2502 causa
741 2446 801 2503 iret
829 2445 865 2503 ad
890 2444 988 2503 silvas.
1037 2445 1181 2504 adsuetos

156 2532 233 2589 dixit
260 2532 433 2607 frequenter
461 2532 559 2591 euntis
588 2532 627 2590 ad
655 2533 755 2591 silvas.
801 2535 887 2592 malti
909 2538 1078 2607 praeterea,
1107 2552 1180 2606 qaas

155 2622 239 2693 fama
262 2623 385 2680 obseara
413 2622 555 2679 recondit:
584 2641 602 2679 a
625 2621 823 2698 generalitate
846 2622 982 2696 veniens,
1012 2641 1072 2697 qua
1101 2622 1180 2683 dixit
1193 2646 1223 2686 aa

156 2709 289 2785 undique
318 2711 500 2768 conveniunt
523 2712 631 2768 Teucri
653 2712 800 2786 mixtique
825 2710 939 2785 Sicani,
970 2712 1007 2769 ad
1031 2714 1179 2788 generali-

155 2801 250 2857 tatem
277 2799 367 2857 rediit
395 2800 494 2857 dicens
523 2800 613 2857 multi
639 2803 808 2875 praeterea,
839 2820 914 2875 quos
941 2802 1023 2858 fama
1051 2800 1180 2859 obscura

156 2888 299 2946 recondit.
346 2889 401 2947 hoc
425 2888 549 2946 dicendo
574 2889 705 2947 ostendit
724 2891 836 2965 primos
859 2890 951 2948 fuisse
974 2909 1102 2964 quorum
1124 2909 1179 2947 no·

157 2978 241 3035 mina
270 2979 385 3053 posuit3
416 2980 468 3053 qui
498 2978 574 3036 enim
608 2977 725 3036 dixerat
752 2969 848 3059 (107)
873 2979 970 3054 „laeto
1001 2980 1179 3054 conplerant

231 3134 243 3180 1
265 3130 370 3182 occasio
388 3129 540 3199 intellepere
558 3128 611 3183 LR
630 3146 652 3183 o.
668 3131 836 3200 intellepitar
853 3148 875 3183 r.
901 3133 905 3198 Ι
935 3133 1040 3186 occasio
1054 3135 1113 3183 —3
1133 3130 1178 3185 de-

158 3205 308 3253 monstrare
327 3202 432 3252 temere
451 3202 519 3252 mut.
540 3200 582 3253 ed.
638 3207 655 3253 4
674 3203 833 3270 nitidusque
851 3201 904 3254 LR
923 3202 968 3270 (cf.
989 3208 1014 3267 2,
1028 3205 1091 3271 473)
1111 3204 1180 3256 ciri-

157 3271 239 3338 diqae
258 3271 301 3323 ed.
322 3273 351 3323 et
368 3270 452 3341 Verg.
471 3271 551 3337 libri,
575 3271 624 3324 sed
647 3272 721 3325 nihil
743 3273 910 3326 mutandum
934 3289 994 3326 esse
1016 3274 1179 3340 pulcheria
1292 3314 1294 3325 .

157 3341 272 3410 interpr.
298 3343 387 3395 docet.
498 3347 513 3393 6
538 3344 621 3397 boreos
644 3345 763 3412 iasipais
787 3344 839 3398 LR
861 3345 931 3399 boreo
955 3346 1090 3413 irsiprrem
1115 3362 1179 3398 cum

157 3428 245 3481 prava
264 3412 447 3467 distinctione
466 3414 509 3467 ed.
584 3414 695 3468 lialas
713 3414 738 3465 R
756 3417 887 3485 carpetas
905 3415 1003 3469 r=L.
1030 3418 1034 3484 Ι
1056 3434 1128 3484 puer
1146 3417 1178 3469 L.

212 3490 245 3537 13
262 3486 321 3551 fuit
339 3484 433 3537 omR
453 3485 517 3538 add.
532 3503 554 3539 r.
624 3490 658 3537 14
676 3487 742 3539 hirec
760 3486 792 3539 R.
867 3491 899 3539 16
919 3504 1046 3542 acaraarr
1065 3489 1134 3541 alter
1153 3488 1180 3541 R
1254 3487 1257 3493 ’
1293 3486 1294 3498 ’

142 3558 303 3613 carnaliter
319 3556 350 3614 L.
368 3559 375 3631 Ι
397 3564 488 3632 tepere
506 3555 567 3611 LR.
642 3562 673 3609 ll
694 3559 826 3610 oeaiarrio
845 3556 867 3609 L
886 3560 1003 3612 arcadia
1022 3559 1047 3611 R
1067 3576 1135 3612 corr.
1156 3578 1179 3613 r.

191 3636 306 3687 18—19
326 3634 477 3691 Arcadiae
497 3650 606 3707 mappa
625 3635 702 3705 perite
719 3628 764 3683 ed.
815 3633 852 3681 ‘aa
871 3630 1022 3681 adpetisti.
1076 3637 1111 3684 24
1129 3633 1178 3684 sil-

124 3712 189 3755 vam
209 3703 247 3761 R.
333 3716 369 3767 29
391 3712 564 3785 complerent
582 3706 618 3762 L·
