2734 4159
582 324 766 380 AENEIDOS
784 325 797 379 I
968 266 972 271 ¹
1157 325 1197 389 ’Π

184 496 322 574 proderet
347 515 445 570 reum,
472 495 624 555 inducitur
650 496 751 573 imago
774 495 868 571 ipsius
891 496 983 554 oooisi
1005 498 1144 555 universa
1166 497 1199 553 in

184 588 293 647 somnis
316 585 475 661 pandentis
498 585 591 643 uxori.
638 588 669 644 et
692 585 771 660 quod
794 586 838 643 ait
860 585 1017 658 inhumati,
1041 584 1199 644 crudelita-

183 679 244 735 tem
271 675 369 735 voluit
396 675 488 734 etiarn
515 675 547 731 in
574 674 630 732 hac
657 676 743 750 parte
766 674 970 733 demonstrare
993 674 1199 752 Pygmalionis

183 769 212 825 et
234 765 474 840 desperationem
495 764 709 837 plenissimam,
732 765 766 821 ut
788 765 857 837 post
874 762 1086 822 multimodum
1104 764 1199 823 scelus

155 854 346 913 cadmissum
378 852 469 911 occisi
500 870 560 911 non
592 854 742 912 curaverit
773 853 970 928 sepulturam,
1007 871 1098 927 quarn
1131 871 1199 927 pro·

183 962 286 1003 aurare
309 942 461 1015 debuerat,
484 945 519 998 ut
541 941 690 1000 nefarium
712 943 824 1000 factum
848 943 1016 1001 viventium
1038 941 1132 1000 oculis
1151 942 1200 1002 vel

183 1036 263 1091 terra
286 1030 482 1091 subtraheret
524 1030 604 1107 quod
626 1050 697 1090 vero
721 1032 766 1090 ait
788 1048 840 1089 ora
864 1030 958 1089 modis
980 1032 1114 1089 attollens
1131 1032 1199 1104 pol·

183 1122 245 1181 lida
267 1123 365 1189 mira,
391 1115 595 1199 [addidit,]u
597 1122 702 1179 tante
726 1122 941 1195 expositionem
964 1123 995 1178 et
1017 1119 1199 1179 narrationis

183 1214 300 1271 textum
327 1211 426 1286 quivis
454 1209 627 1286 intellegere
654 1212 758 1285 posset
785 1212 924 1268 occisum
970 1209 1096 1268 cadetis
1118 1212 1252 1268 crustat

137 1316 166 1356 o
183 1301 359 1370 traiectoque
376 1302 496 1372 pectora
518 1301 597 1372 ferro
619 1300 758 1357 nudavit:
781 1299 908 1357 nudavit
931 1300 973 1358 sic
992 1298 1132 1357 debemus
1151 1316 1198 1357 ac·

184 1392 295 1465 cipere,
317 1390 353 1446 ut
375 1388 492 1463 aliquid
514 1387 613 1447 verbis
636 1388 777 1461 relatum,
806 1388 922 1464 aliquid
945 1388 1038 1447 oculis
1060 1387 1200 1447 rideatur

183 1480 276 1537 fuisse
290 1476 470 1537 subiectum:
490 1476 632 1536 obiecisse
650 1477 752 1552 potuit
769 1478 863 1536 oculis
881 1480 985 1554 pectus
1005 1479 1083 1536 ferro
1102 1480 1199 1536 trans·

183 1569 309 1641 fossum,
338 1584 405 1625 aras
432 1584 517 1640 vere,
544 1584 622 1641 quae
649 1586 710 1625 non
738 1568 824 1626 erant
850 1568 883 1625 in
909 1569 1073 1642 praesenti,
1101 1566 1199 1626 vorbis

182 1658 284 1733 potuit
302 1655 373 1714 solis
392 1655 605 1714 demonstrare.
635 1673 806 1728 caecumque
824 1655 927 1714 domm
944 1658 1038 1716 scalas
1055 1674 1140 1715 omae
1156 1674 1200 1715 re·

137 1754 167 1800 [a
184 1748 261 1813 texit,
284 1742 364 1822 [tam
387 1745 512 1803 celerare
533 1746 638 1818 fragam
658 1746 814 1818 patriaque
838 1745 970 1805 excedere
997 1744 1132 1821 suadetJ:
1163 1767 1200 1804 ne

184 1837 294 1895 iterum
321 1833 433 1892 diceret
459 1836 549 1909 poeta
576 1833 658 1909 quod
688 1835 750 1892 iam
782 1835 881 1894 fuerat
913 1834 1040 1910 dictum,
1073 1835 1200 1894 strictim

184 1925 286 1999 posuit
314 1925 415 1981 omnia
441 1922 594 1981 rettulisse
621 1922 795 1981 defunctum
823 1942 900 1999 quae
929 1926 1050 2002 negotio
1080 1924 1202 1982 fuerant

184 2014 364 2087 necessaria,
397 2030 468 2069 nam
495 2014 525 2070 et
553 2013 705 2071 auctorem
732 2013 851 2071 sceleris
878 2014 984 2088 procul
1011 2012 1101 2070 dubio
1133 2031 1201 2088 pro-

185 2102 262 2161 didit
281 2104 311 2160 et
329 2103 469 2159 universa
487 2100 630 2159 narrauit.
661 2102 827 2178 designetis
845 2103 940 2179 igitur
957 2102 1047 2175 facto,
1065 2120 1201 2176 persona,

147 2202 172 2248 so
184 2193 259 2266 loco,
277 2194 420 2264 tempore,
439 2190 581 2265 quoniam
598 2191 713 2248 malum
732 2209 818 2250 omne
838 2190 875 2249 ab
898 2190 994 2249 adfine
1017 2193 1202 2267 processerat

185 2284 214 2339 et
235 2280 367 2356 inpietas
386 2278 444 2337 diis
463 2279 590 2338 testibus
608 2280 777 2355 perinpleta
796 2282 913 2339 estnec
931 2280 1083 2355 prohiberi
1106 2279 1203 2338 valuit

183 2389 238 2429 nec
265 2370 382 2427 ultione
409 2369 530 2443 pensari
556 2371 647 2444 atque
674 2370 708 2426 in
730 2387 765 2427 co
787 2371 820 2427 in
843 2388 902 2444 quo
926 2369 1017 2428 iidem
1040 2369 1084 2427 dii
1106 2389 1202 2445 neque

184 2459 314 2518 hominis
342 2458 509 2515 innocentis
536 2459 632 2516 vitam
659 2476 777 2517 servare
807 2477 861 2517 nec
894 2461 1071 2536 sangumem
1102 2458 1202 2517 fusum

184 2568 238 2607 nec
262 2565 346 2606 suam
370 2546 475 2604 ulcisci
497 2547 640 2604 iniuriam
662 2549 834 2622 potuerunt,
853 2548 956 2626 fugam
978 2549 1078 2624 potius
1098 2548 1203 2606 suadet

148 2658 172 2699 ιι
184 2638 280 2696 uxori.
317 2635 394 2693 nihil
416 2636 496 2693 euim
518 2638 641 2712 putarit
662 2638 840 2695 remansisse
860 2637 1015 2713 religionis
1035 2637 1117 2713 apud
1135 2655 1203 2695 eum

185 2728 239 2803 qui
256 2727 345 2783 tanta
363 2725 508 2799 inpietate
528 2725 680 2798 saevisset,
696 2744 733 2783 ne
753 2744 771 2784 a
790 2728 912 2803 cognati
930 2729 1025 2786 morte
1045 2726 1084 2785 ad
1101 2745 1203 2786 necem

185 2835 304 2892 quoque
335 2815 445 2872 sororis
476 2815 568 2873 simili
601 2814 777 2873 crudelitate
810 2818 960 2875 transiret.
1006 2816 1078 2891 quia
1107 2816 1204 2893 igitur

184 2906 237 2963 ubi
265 2903 445 2980 Pygmalion
472 2904 533 2961 fuit
560 2903 638 2962 Dido
665 2906 734 2963 tuta
762 2922 825 2963 esse
853 2923 911 2964 non
940 2906 1041 2980 potuit
1068 2924 1122 2964 nec
1145 2905 1204 2963 sibi

185 2994 329 3052 adversus
352 2993 562 3051 inmanitatem
583 2993 687 3052 fratris
711 2994 868 3068 adsistere,
897 2995 1002 3053 suadet
1023 2994 1124 3069 potius
1149 2992 1203 3069 Sy-

261 3216 403 3269 lc'adaeit
403 3216 499 3269 arLR
512 3216 666 3269 includetur
678 3215 720 3269 ed
773 3217 915 3270 sandida
929 3234 1001 3286 supp
982 3216 1058 3285 plevi
1073 3216 1107 3270 cf.
1120 3221 1179 3270 349.
1198 3217 1200 3288 l

184 3296 262 3343 ut-
273 3288 425 3340 ceccaum
444 3286 517 3340 male
537 3286 663 3356 corrupit
680 3287 725 3341 ed
777 3292 810 3341 10
825 3287 866 3341 alt
854 3290 945 3341 terum
958 3288 1077 3342 nudavit
1090 3305 1143 3342 om.
1159 3288 1202 3341 ed.

242 3364 274 3411 12
295 3359 392 3412 obesae
409 3373 461 3426 per
479 3374 547 3413 corr
562 3358 587 3410 R
605 3359 730 3413 acaciae
747 3359 818 3412 item
831 3360 853 3412 L
868 3359 911 3413 ed.
925 3358 1029 3412 falsum
1048 3375 1108 3413 esse
1126 3358 1204 3413 vide-

184 3436 245 3485 tur:
266 3429 368 3483 abiem
385 3431 486 3484 scilicet
504 3429 631 3498 suspicor
649 3431 698 3499 (sel
715 3447 765 3498 pro
784 3432 886 3485 scilicet
906 3437 928 3495 1,
945 3430 1046 3500 67911).
1104 3436 1137 3483 14
1152 3447 1203 3499 pc-

184 3504 271 3558 taease
285 3501 469 3555 demonstrare
479 3500 531 3553 th
544 3508 696 3556 mortetrare
710 3502 762 3569 ed,
775 3503 824 3556 sed
839 3502 1027 3570 corruptelam
1042 3502 1072 3555 in
1081 3503 1204 3571 potuisse

185 3573 285 3628 sedere
311 3574 404 3641 patet:
435 3574 527 3640 potuit
553 3574 619 3629 solis
646 3572 802 3627 emendavi.
902 3579 935 3627 15
963 3572 1067 3627 lemma
1093 3571 1204 3641 explevi

184 3645 304 3716 propter
321 3643 437 3711 interpr.
530 3648 562 3697 17
581 3644 741 3711 defunctam
760 3660 814 3701 om.
829 3644 875 3702 ed.
902 3645 915 3720 t
945 3662 1017 3716 qaae
1034 3643 1224 3715 caponem

184 3735 211 3786 q.
231 3717 263 3768 in
280 3731 336 3783 nep.
357 3714 398 3767 ed⁴
490 3721 525 3771 18
543 3720 700 3776 necesaria
719 3736 777 3777 orn.
792 3720 843 3781 ed.
