2734 4159
573 338 757 393 AENEIDOS
775 338 814 391 ΠΙ
1141 337 1208 401 279

189 507 348 567 meliorum
369 507 481 568 hilares
499 509 620 567 fecerat.
656 507 737 566 idem
755 510 865 583 quippe
885 507 1001 567 dixerat
1020 500 1092 588 (94)
1112 527 1207 583 „quae

189 616 242 657 vos
266 617 285 656 a
307 599 401 673 stirpe
423 600 581 673 parentum
604 597 702 672 prima
724 596 797 655 tulit
815 597 904 655 tellus
924 596 1027 656 eadem
1045 616 1098 656 vos
1117 597 1207 655 ubere

188 687 269 745 laeto
294 686 419 762 accipiet
441 686 572 759 reduces,
596 686 754 761 antiquam
777 687 924 761 exquirite
952 682 1105 744 matrem“.
1151 686 1207 745 hoc

189 775 270 835 dieto
293 775 406 834 ademit
429 776 565 834 omnibus
588 777 703 834 luctum
726 775 861 851 perditae
880 776 1025 848 civitatis3
1049 774 1207 833 nonenim

160 884 315 942 emagnus
348 865 433 925 dolor
470 883 532 924 esse
569 863 670 923 debuit
707 864 908 923 obventiciam
943 864 1121 939 perdidisse,
1158 864 1207 923 rel

188 956 317 1013 maxime
345 972 412 1012 cum
440 953 596 1031 originalis
622 954 707 1012 salva
729 952 948 1029 incolumisque
971 954 1206 1028 promitteretur.

187 1047 268 1102 certe
291 1062 385 1119 quam
407 1044 579 1118 pulchrum,
603 1062 694 1118 quam
719 1044 892 1116 honestum,
920 1061 1011 1118 quam
1033 1041 1208 1119 religiosum

186 1134 248 1190 fuit
270 1133 317 1192 his
340 1132 428 1191 terris
451 1131 535 1191 reddi
560 1150 636 1207 quae
657 1135 797 1207 parentes
819 1133 851 1190 in
876 1132 990 1209 origine
1009 1132 1205 1207 protulerunt.

188 1224 219 1279 et
238 1224 310 1297 quia
327 1223 428 1296 potuit
446 1221 510 1279 fieri
529 1224 564 1279 ut
583 1239 601 1279 a
619 1221 792 1281 melioribus
811 1221 850 1279 ad
862 1222 1008 1280 inferiora
1022 1224 1206 1299 cogerentur,

145 1332 173 1371 ro
189 1309 305 1368 addidit
332 1310 422 1369 ubere
449 1310 543 1369 laeto:
576 1328 641 1369 ecce
670 1310 801 1369 ostendit
824 1314 854 1369 et
877 1310 1071 1369 commodam.
1116 1309 1205 1368 ubere

188 1400 269 1474 quod
301 1399 389 1473 dixit,
422 1398 562 1458 adludere
594 1399 704 1473 voluit,
739 1401 811 1474 quia
843 1417 933 1474 supra
965 1403 1076 1458 terram
1107 1401 1206 1474 ipsam

187 1493 315 1547 matrem
347 1489 520 1564 appellavit.
572 1490 651 1547 laeto
685 1491 785 1547 autem
816 1487 927 1547 ideireo
958 1489 1074 1563 posuit,
1105 1509 1142 1545 ne
1175 1507 1206 1547 se

187 1578 305 1637 odiosos
329 1578 377 1636 vel
401 1577 501 1656 gravis
524 1577 572 1636 vel
591 1577 669 1636 certe
687 1578 865 1653 inportunos
884 1579 1025 1636 venturos
1045 1596 1107 1637 esse
1127 1577 1205 1636 arbi·

186 1670 346 1725 trarentur.
393 1666 509 1725 addidit
531 1666 666 1741 reduces,
694 1669 729 1725 ut
752 1667 876 1725 satiaret
899 1686 960 1725 non
981 1668 1099 1726 futuros
1123 1668 1207 1725 oneri

144 1777 172 1818 ro
187 1757 234 1815 his
258 1758 359 1831 teriia,
383 1775 459 1832 quae
483 1775 543 1815 non
566 1755 709 1830 advenas,
733 1755 785 1814 sed
808 1774 876 1815 suos
899 1758 998 1815 essent
1020 1755 1137 1814 felicius
1159 1776 1204 1815 re·

187 1849 335 1921 capturae.
381 1846 525 1904 Anchises
553 1845 648 1922 igitur
674 1845 730 1904 hoo
761 1863 935 1920 responsum
968 1864 999 1904 se
1032 1846 1205 1905 existimans

187 1936 455 2010 interpretaturum
478 1934 630 1993 evidenter
653 1933 734 2009 quod
756 1934 851 1992 veluti
874 1934 997 1992 dubium
1020 1935 1079 1992 fuit
1097 1935 1206 2010 incipit

187 2026 316 2099 aperire,
344 2025 387 2083 sic
409 2026 525 2098 tamen,
553 2028 589 2081 ut
612 2043 671 2082 non
694 2026 815 2082 tantum
838 2023 920 2082 dicat
943 2022 1015 2098 quid
1038 2025 1078 2082 sit
1101 2042 1205 2081 verum

187 2115 279 2171 etiam
303 2113 454 2189 Apollinis
481 2114 629 2188 promissa
656 2111 830 2171 multifariis
857 2112 1020 2171 commodis
1047 2131 1147 2171 rerum
1175 2115 1205 2171 et

143 2223 172 2262 ao
186 2202 318 2261 honestis
346 2201 524 2260 adcumulet.
572 2199 661 2260 Creta
688 2201 769 2261 Iovis
796 2202 912 2278 magni:
945 2200 1021 2259 dixit
1044 2205 1074 2259 et
1097 2220 1204 2259 nomen

186 2291 253 2365 loci,
277 2291 352 2349 dixit
375 2295 405 2350 et
428 2291 518 2349 deum
542 2293 594 2365 qui
617 2291 680 2350 illic
704 2283 851 2349 coleretur
873 2294 903 2349 et
926 2290 965 2348 ad
984 2309 1072 2365 quem
1090 2292 1204 2365 specia-

186 2380 256 2438 liter
269 2381 369 2439 insula
382 2382 449 2455 ipsa
463 2381 635 2456 pertineret,
648 2380 807 2455 ipsumque
826 2397 969 2457 magnum
988 2397 1050 2437 esse
1068 2380 1203 2453 perinde-

186 2490 243 2545 que
266 2471 296 2527 in
320 2489 429 2545 magno
453 2470 575 2527 numine
597 2487 739 2545 magnam
761 2470 873 2528 favoris
895 2487 966 2545 erga
983 2468 1098 2527 incolas
1116 2487 1203 2543 posse

185 2560 343 2634 provenire
362 2558 570 2631 substantiam,
585 2557 708 2635 dignam
726 2576 797 2616 vero
815 2558 954 2631 insulam,
968 2559 1001 2615 in
1020 2576 1079 2632 qua
1100 2560 1203 2617 tantus

142 2667 170 2707 ao
186 2646 257 2705 deus
281 2650 311 2705 et
334 2650 410 2706 esset
434 2651 464 2705 et
486 2648 646 2723 praecipue
672 2648 826 2706 coleretur.
872 2647 970 2706 medio
998 2648 1078 2705 iacet
1104 2648 1203 2705 insula

185 2739 291 2811 ponto:
329 2754 394 2794 ecce
423 2736 498 2794 dixit
526 2739 556 2795 et
583 2737 675 2794 situm
703 2735 787 2809 eius,
808 2739 843 2794 ut
868 2735 1036 2795 ostenderet
1062 2735 1202 2795 fluctibus

185 2826 318 2884 clausam
337 2844 372 2883 ac
390 2845 444 2900 per
462 2824 517 2883 hoo
537 2824 679 2884 adversus
698 2825 823 2883 insidias
841 2828 949 2900 tutam,
962 2824 1082 2884 facilem
1102 2828 1203 2884 autem

184 2917 267 2973 victu
294 2917 325 2973 et
353 2914 513 2973 alimoniae
540 2916 679 2989 propriae
708 2914 901 2973 commodam.
952 2914 1032 2989 quod
1059 2933 1129 2973 vero
1158 2915 1202 2974 ait

184 3006 269 3078 iacet,
301 3002 424 3062 modum
456 3004 521 3062 eius
553 3007 584 3061 et
614 3004 781 3062 inmensam
810 3003 1001 3062 latitudinem
1028 3004 1125 3062 voluit
1152 3002 1201 3061 de-

141 3096 358 3154 remonstrare.
410 3094 493 3150 venit
524 3094 586 3150 iam
619 3092 657 3150 ad
691 3095 789 3170 signa:
825 3110 911 3151 mons
943 3092 1051 3151 Idaeus
1088 3092 1140 3151 ubi
1172 3096 1202 3151 et

184 3182 282 3259 gentis
307 3180 456 3239 cunabula
482 3185 611 3240 nostrae.
658 3181 738 3257 quod
759 3181 809 3240 hio
832 3181 908 3240 dixit
931 3182 1028 3259 gentis
1053 3181 1202 3240 cunabula

180 3403 183 3407 -
256 3376 309 3423 bo
328 3372 424 3438 (supra
443 3369 488 3438 ab)
507 3368 567 3422 LR.
674 3369 843 3423 canterino
862 3368 914 3421 LR
931 3370 1067 3436 inferiora
1086 3385 1136 3422 noe
1155 3368 1200 3423 de-

181 3444 287 3495 teriora
305 3441 349 3494 ed.
419 3446 452 3493 10
471 3441 638 3495 commodem
657 3440 701 3494 ed.
767 3445 800 3493 15
819 3457 873 3494 esee
891 3440 933 3493 eit
950 3439 1003 3493 LR
1021 3446 1106 3494 essent
1123 3458 1138 3493 r
1156 3439 1200 3494 ed.

182 3516 309 3582 (propter
326 3530 396 3581 quae
415 3514 444 3565 et
461 3513 635 3581 recepturae).
714 3517 748 3564 23
766 3512 876 3566 nomine
894 3510 947 3564 LR
966 3511 1009 3565 ed.
1087 3516 1121 3564 24
1136 3528 1199 3580 per-

180 3585 273 3639 occire
291 3585 317 3638 R
332 3601 409 3653 prov.
425 3600 446 3636 r.
502 3589 536 3636 26
555 3590 580 3638 et
598 3584 682 3637 sitem
696 3582 748 3637 LR
766 3590 792 3638 et
809 3582 917 3635 omed.
974 3588 1007 3637 28
1023 3584 1137 3650 proprie
1153 3583 1197 3655 nl

181 3656 351 3710 concinodom
370 3656 413 3710 ed.
444 3657 448 3723 Ι
477 3672 542 3708 uera
560 3654 613 3707 LR
630 3671 725 3709 oeror
747 3670 809 3708 cero
828 3654 902 3708 dixit
920 3653 963 3707 ed.
982 3670 1007 3709 o.
1027 3654 1068 3707 ait
1085 3669 1144 3708 nos.

182 3732 216 3781 31
237 3726 310 3795 qood
321 3760 352 3766 —
365 3731 450 3792 280,1
471 3732 496 3780 et
514 3724 558 3779 bia
578 3743 628 3780 eor.
645 3726 697 3778 La
715 3724 838 3779 secundo
856 3724 918 3779 loco
938 3724 992 3779 del.
1007 3724 1038 3779 r'.
