2734 4159
200 320 267 386 570
482 319 621 374 DONA'I'I
637 320 808 376 INTERPR.
828 320 936 377 VERG.

202 490 320 550 Aeneae
344 489 558 563 offerebantur,
584 492 619 547 ut
647 507 697 548 eas
725 490 817 549 semel
839 490 950 550 vidisse
976 510 1038 549 non
1060 490 1225 564 sufficeret,

202 582 305 639 tantus
328 580 387 638 fuit
405 579 498 653 dolor,
520 580 641 639 tantum
658 578 780 637 videndi
799 579 987 639 desiderium.
1029 582 1114 638 iuvat
1129 596 1225 652 aeque

201 670 328 727 morari:
349 669 383 727 in
404 668 530 727 infernis
553 667 685 727 tenebris
709 671 739 727 et
757 669 896 744 squalore
915 668 1084 731 delectabat
1102 668 1224 745 aliquas

202 776 301 816 moras
328 756 487 817 innectere.
538 761 564 815 et
585 758 718 830 conferre
742 758 884 831 predum:
921 777 956 817 ex
983 761 1110 833 utraque
1135 762 1224 834 parte

202 866 294 904 unum
322 846 503 905 desiderium
532 846 591 905 fuit
617 846 753 921 videndi,
784 847 995 906 deambulandi
1022 849 1052 906 et
1079 846 1223 907 confabu·
1251 867 1263 908 s

201 934 298 1010 landi3
335 938 400 995 erat
430 937 532 994 tamen
563 935 680 1011 aliquid
710 936 839 1012 amplius
872 936 950 1013 quod
984 938 1101 995 animae
1133 955 1223 997 nosse

202 1023 375 1100 cupiebant:
408 1028 435 1083 et
455 1025 591 1083 veniendi
618 1026 727 1085 discere
754 1043 874 1095 musas,
902 1028 937 1085 ut
964 1025 1076 1085 diceret
1102 1025 1223 1085 Aeneas

202 1132 279 1189 quae
302 1133 370 1172 eum
393 1131 500 1172 causae
518 1113 562 1171 ‘ad
583 1115 704 1173 interna
726 1114 888 1175 duxissent.
934 1117 1049 1174 interea
1071 1114 1154 1191 quod
1177 1117 1223 1173 ait

201 1203 252 1261 hic
273 1203 401 1261 multum
428 1201 491 1260 fleti
515 1201 553 1261 ad
581 1221 718 1278 superos,
745 1203 781 1262 de
809 1203 946 1264 omnibus
970 1203 1088 1263 videtur
1111 1203 1224 1263 dixisse

203 1310 278 1367 quos
307 1291 484 1351 nominatim
511 1292 561 1350 vel
588 1291 643 1351 sub
672 1292 870 1369 generalitate
900 1293 1060 1369 conplexus
1088 1296 1142 1352 est.
1191 1296 1223 1352 at
1238 1313 1263 1353 ro

148 1381 355 1439 490Dececm
378 1397 514 1454 proceres
536 1379 841 1454 Agamemnoniaeque
858 1383 1037 1457 phalanges,
1065 1386 1100 1440 ct
1121 1381 1224 1441 cidere

201 1470 299 1527 circem
328 1470 528 1543 fulgentiaque
562 1488 648 1529 amec
679 1488 738 1544 per
768 1472 897 1539 metrae,
932 1472 1042 1546 ingenti
1073 1470 1225 1545 trepidare

202 1563 294 1617 mec:
320 1558 397 1617 dixit
423 1558 569 1635 plurimos
594 1560 793 1618 Troianorum
820 1559 883 1617 illic
910 1560 1002 1620 fuisse
1031 1578 1105 1635 quos
1129 1559 1223 1619 Troia

201 1647 334 1723 perdidit
356 1650 388 1706 in
411 1647 525 1708 excidio
549 1667 603 1707 suo
619 1692 858 1708 ..............
878 1653 955 1708 esset
974 1650 1085 1725 quippe
1109 1650 1224 1708 crimen

201 1738 366 1795 marimum
388 1738 470 1811 vieti,
494 1739 520 1798 si
543 1737 578 1795 de
597 1736 734 1797 hostibus
753 1740 846 1806 caesis
864 1742 954 1814 poeta
972 1739 1124 1797 tacuisset.
1167 1739 1223 1798 hos
1239 1758 1266 1799 ro

202 1845 263 1885 non
280 1830 399 1885 tantum
418 1846 478 1885 non
496 1828 652 1903 praeteriit
666 1847 770 1886 verum
789 1829 882 1886 etiam
899 1845 992 1903 prope
1012 1829 1108 1886 omnis
1127 1828 1222 1886 inter-

202 1916 261 1974 isse
295 1918 422 1975 testatus
464 1918 510 1975 est
546 1915 657 1975 addens
694 1916 858 1995 dignitates
900 1920 930 1975 et
970 1916 1226 1975 inaestimabilem

203 2004 374 2081 significans
392 2023 560 2064 numerum:
584 2005 732 2082 Danaum,
750 2007 859 2080 inquit,
878 2024 1023 2081 proceres,
1045 2005 1077 2063 id
1098 2007 1226 2065 estnon

202 2096 322 2152 tantum
340 2094 451 2153 honore
464 2114 568 2153 verum
588 2096 679 2153 etiam
699 2096 910 2154 exercitatione
927 2093 1061 2154 bellandi
1078 2096 1240 2170 potiores,

202 2183 515 2261 Agamemnoniaeque
538 2184 717 2261 phalanges,
747 2184 892 2243 exercitus
920 2174 1038 2260 quoque
1060 2183 1226 2260 Agamem·
1242 2204 1268 2243 eo

203 2275 299 2347 nonis,
321 2277 356 2331 ut
378 2273 420 2332 sic
444 2272 550 2333 Graeci
573 2273 653 2349 apud
676 2274 788 2332 inferos
810 2272 991 2347 viderentur,
1016 2274 1103 2348 quasi
1126 2275 1226 2333 omnis

202 2363 256 2420 illo
284 2363 398 2421 Achaia
426 2365 592 2441 migrasset.
638 2364 809 2438 principum
837 2360 979 2421 Graeciae
1007 2364 1038 2420 et
1060 2362 1226 2438 Agamem·

203 2452 287 2509 nonii
311 2454 454 2511 exercitus
477 2453 581 2510 fecisse
605 2453 917 2511 commemorationem
941 2471 1008 2510 cum
1030 2451 1120 2510 laude
1150 2471 1225 2510 non·

204 2540 288 2599 nulla
311 2541 485 2619 gloriaest.
530 2540 562 2597 hi
585 2541 692 2617 igitur,
719 2543 755 2599 ut
777 2540 917 2599 viderunt
939 2542 1037 2599 virum
1065 2560 1126 2599 non
1154 2560 1225 2601 con-

202 2629 395 2688 temnendum
419 2633 448 2688 et
471 2649 538 2688 eum
561 2648 649 2705 quem
672 2630 746 2689 bene
765 2634 911 2689 noverant
929 2633 960 2689 et
981 2631 1033 2706 qui
1056 2629 1093 2688 de
1111 2629 1224 2689 fiducia
1237 2647 1259 2687 re

204 2718 392 2777 fortitudinis
423 2718 461 2778 ad
488 2719 599 2778 inferos
626 2718 811 2794 tetendisset,
841 2738 901 2777 non
931 2719 1120 2778 mediocriter
1153 2722 1224 2779 sunt

202 2807 309 2866 territi.
355 2806 434 2867 unde
459 2808 690 2886 intellegebatur
718 2808 798 2885 quod
824 2805 1013 2867 metuerent?
1042 2810 1125 2882 quia,
1155 2827 1222 2867 cum

202 2895 354 2954 hominem
377 2900 466 2972 atque
490 2899 553 2955 eius
576 2898 721 2957 vidissent
744 2916 828 2956 arma
850 2898 1004 2973 ipsiusque
1028 2896 1081 2972 qui
1100 2896 1222 2955 tenebat

203 2984 350 3061 fulgentia
384 2982 574 3061 [accessuml,
610 3004 687 3059 pare
718 2990 827 3045 vertere
859 2991 953 3068 terea,
991 3002 1042 3044 eeu
1074 2987 1227 3058 quendem·

276 3142 292 3189 3
311 3138 428 3191 internis
446 3136 471 3189 V
490 3154 558 3191 corr.
573 3137 616 3191 ed.
634 3141 638 3207 Ι
658 3139 833 3206 squaloribus
851 3138 894 3191 ed.
912 3142 916 3208 Ι
937 3139 1122 3193 medebatur
1142 3138 1185 3193 ed.

205 3214 265 3262 let
283 3225 336 3261 om.
352 3207 377 3260 V
396 3208 519 3262 added.
600 3210 676 3262 seii
694 3224 745 3277 pro
764 3209 808 3262 hic
826 3209 859 3262 V.
940 3216 975 3263 14
993 3212 1058 3278 post
1075 3226 1126 3263 suc
1145 3209 1220 3263 lacu·

203 3296 269 3333 nam
289 3279 407 3349 signavi,
426 3281 494 3334 dicit
507 3287 532 3334 et
548 3280 667 3334 Graecos
684 3279 729 3334 vel
748 3279 841 3333 similo
857 3279 965 3347 aliquid
981 3280 1117 3334 excidisse
1132 3283 1219 3349 patet.

259 3356 291 3403 17
311 3352 551 3405 imeinimcbilem
570 3350 613 3405 ed.
683 3357 715 3405 21
736 3357 768 3405 et
785 3352 811 3405 ei
830 3350 855 3403 V
874 3351 922 3405 edI
940 3353 1097 3406 atalenos
1116 3354 1221 3421 stipsi

204 3421 270 3474 eds.
288 3424 291 3491 Ι
308 3424 439 3476 mccie—
450 3428 484 3474 22
503 3423 646 3492 migrasset
664 3422 760 3491 inepte
779 3424 849 3476 mut.
864 3421 907 3476 ed.
978 3429 1011 3475 22
1030 3424 1222 3477 echcmereonii

203 3492 230 3546 V
248 3494 462 3563 Agamencoaie
480 3492 523 3546 cd.
589 3499 622 3546 23
641 3495 706 3559 feeit
725 3493 807 3549 Ved.
827 3494 921 3558 secisse
940 3510 990 3547 nos
1009 3496 1076 3563 quia
1094 3495 1159 3560 fecit
1177 3494 1219 3548 ed.

204 3567 276 3633 post.
346 3569 378 3617 27
398 3571 560 3619 macerarer
578 3565 662 3618 edl'I.
735 3570 768 3617 28
787 3567 877 3634 ipsius
896 3582 999 3634 qaoque
1017 3565 1043 3618 V
1057 3565 1100 3618 ed.
1121 3566 1220 3634 ipsius·

203 3654 255 3705 que
273 3638 322 3705 qui
339 3652 399 3689 nos.
425 3640 428 3703 Ι
458 3638 584 3690 urebant
602 3636 628 3688 V
646 3637 753 3690 tenebat
770 3652 821 3689 nos
840 3638 972 3691 timebant
990 3637 1033 3690 ed.
1112 3642 1146 3689 29
1166 3638 1221 3703 fel-

190 3711 294 3780 pentae
315 3706 493 3766 Vacceesum
512 3706 610 3761 addidi
628 3708 763 3778 fulgorem
782 3707 825 3760 ed.
