2734 4159
204 320 269 385 578
484 319 625 375 DONATI
641 318 811 374 INTERPR.
829 317 937 374 VERG.

202 491 284 564 prias
298 488 424 548 iniurias
442 506 572 567 gemens,
585 488 725 548 Aeolides
744 490 850 548 auctor
866 487 1015 546 malorum
1033 490 1064 546 et
1082 482 1227 547 hortator

202 579 348 637 scelerum
364 578 397 636 in
416 597 517 651 unum,
535 578 644 652 inquit,
664 581 865 637 convenerant
882 578 916 634 in
932 575 1096 652 perniciem
1114 594 1224 635 meam.

149 667 268 736 erodii,
299 666 374 726 tullo
404 666 497 727 Graia
523 668 701 734 instaurate,
728 668 782 739 pio
809 668 836 725 si
862 682 977 739 peccas
1008 682 1057 725 ore
1088 682 1226 739 reposco:

202 756 359 831 pulchram
381 756 454 814 facit
481 755 696 831 apostropham
723 757 753 815 et
780 755 877 816 multa
899 756 1109 813 continentem.
1157 754 1225 828 soli,

203 846 255 919 ait,
279 844 322 903 dii
344 845 471 921 potestis
495 862 557 903 esse
580 844 671 904 huius
694 844 812 903 sceleris
835 843 969 903 vindices
994 861 1052 919 quo
1079 843 1225 903 innocens
1246 860 1258 911 ,r

202 932 292 1009 perii,
320 933 372 1008 qui
398 932 476 992 talia
504 933 676 1009 rependatis
705 931 792 992 Grais
822 932 925 1008 qualia
951 932 983 990 in
1013 951 1111 991 meam
1142 950 1224 991 exer·

202 1026 327 1081 cuerunt
355 1023 531 1098 perniciem,
561 1022 704 1097 quoniam
732 1022 879 1081 deteriora
911 1021 1053 1081 deficiunt
1081 1040 1160 1098 quae
1192 1021 1225 1080 in

201 1110 388 1171 adversarios
415 1130 498 1171 meos
526 1110 649 1170 debeam
677 1110 838 1186 postulare.
885 1109 1013 1170 Graecos
1041 1109 1225 1187 generaliter

201 1200 361 1259 maledicto
384 1218 439 1259 suo
463 1200 598 1277 collegit,
625 1219 685 1260 non
708 1219 767 1276 quo
791 1216 892 1259 omnes
915 1200 974 1276 ipsi
997 1199 1078 1257 mala
1101 1199 1223 1259 intulis·

201 1292 276 1363 sent,
299 1289 351 1347 sed
368 1291 404 1347 ut
422 1307 516 1366 genus
534 1290 633 1364 ipsum
651 1290 772 1365 penitus
790 1290 936 1363 interiret,
959 1287 1039 1347 unde
1057 1288 1127 1347 talis
1146 1307 1224 1347 uxor
1238 1306 1258 1347 ι(

201 1380 232 1436 et
251 1378 328 1437 tales
346 1376 470 1451 inimici,
493 1381 557 1436 tam
575 1378 667 1452 saevi,
689 1379 753 1436 tam
772 1377 907 1437 crudeles
925 1377 1097 1437 viderentur
1115 1378 1221 1436 exorti.

199 1467 346 1526 invasisse
369 1467 402 1525 in
425 1466 593 1525 cubiculum
610 1467 730 1526 rettulit
748 1469 779 1525 et
796 1466 1000 1543 praetermisit
1023 1484 1099 1541 quae
1118 1484 1222 1525 conse·

201 1557 273 1614 outa
300 1555 374 1630 sint,
404 1555 452 1614 vel
482 1557 554 1631 quia
582 1558 615 1614 in
645 1558 786 1632 promptu
813 1556 962 1632 supplicia
991 1555 1111 1614 fuerant
1143 1574 1224 1631 quae

200 1643 262 1703 illis
286 1644 487 1703 saevientibus
510 1645 637 1720 pertulit
659 1644 708 1704 vel
732 1644 804 1719 quia
820 1645 969 1706 malorum
986 1645 1119 1720 ipsorum
1142 1645 1223 1704 rela-

199 1734 297 1791 tiones
327 1732 477 1791 horrebat
523 1735 636 1809 qnippe
661 1733 771 1792 melias
795 1733 857 1792 fnit
881 1734 1044 1809 praeterire
1068 1733 1223 1809 superflua
1238 1753 1258 1793 rr

200 1842 291 1898 qnam
308 1822 418 1881 referre
437 1822 512 1881 dura
532 1824 562 1881 et
582 1841 659 1898 quaa
678 1821 881 1881 offerebantur
899 1822 1077 1898 aspectibus.
1116 1825 1226 1898 potest

199 1914 312 1988 tamen
324 1930 401 1987 quae
424 1914 514 1987 poeta
537 1930 596 1970 non
620 1911 780 1987 conplexus
805 1914 850 1972 est
867 1910 966 1971 verbis
983 1911 1080 1969 videri
1097 1910 1223 1971 demon·

199 2003 309 2059 strasse
328 2000 526 2077 Deiphobum,
550 2018 617 2059 cum
636 2000 749 2059 diceret
766 2000 819 2074 dii,
842 2000 916 2059 talia
935 1998 1022 2059 Grais
1041 2002 1222 2077 instaurata,

197 2090 302 2165 utique
325 2090 402 2149 talia
430 2109 506 2164 quae
534 2089 590 2149 sibi
613 2089 711 2147 inlata
733 2088 929 2148 monstrabat.
975 2108 1041 2148 occe
1063 2090 1222 2166 respondit

198 2167 370 2255 propositis]
389 2178 465 2236 dixit
485 2179 565 2254 quod
584 2178 734 2253 quaesivit
746 2178 872 2252 Aeneas,
892 2180 1035 2253 quiesset
1053 2197 1221 2254 poenarum
1233 2198 1258 2239 so

198 2271 311 2342 auctor,
334 2267 408 2344 quid
431 2270 531 2327 autem
554 2269 667 2327 factum
692 2270 777 2342 esset,
801 2268 943 2343 quoniam
963 2268 1131 2343 aspectibus
1150 2268 1219 2328 sub·

198 2360 271 2432 erat,
296 2357 409 2416 dictum
431 2376 492 2416 non
519 2360 572 2417 est.
618 2358 669 2416 sed
697 2360 723 2415 tc
750 2359 801 2429 qut
826 2359 927 2415 uicum
958 2374 1045 2415 cosas
1073 2376 1127 2431 oye
1151 2360 1220 2431 fare

197 2448 327 2505 uicissim
346 2447 509 2504 attulerint:
528 2446 665 2520 pelagiae
683 2447 765 2505 uenis
784 2446 931 2505 erroribus
949 2450 1031 2505 octus
1046 2463 1087 2504 aa
1104 2449 1219 2505 monito

197 2535 319 2594 divum?
342 2553 384 2592 aa
406 2537 477 2607 quia
500 2538 525 2592 te
547 2536 669 2607 fortuna
691 2536 818 2608 fatigat?
840 2539 874 2593 at
891 2536 982 2593 tristis
1004 2536 1068 2594 aaa
1085 2536 1145 2593 sole
1168 2535 1216 2593 do

196 2642 271 2691 mus,
292 2625 355 2683 loca
369 2624 488 2682 turbido
502 2624 621 2682 adires?
645 2623 765 2699 audisti,
784 2623 891 2699 inquit,
911 2641 996 2682 casus
1009 2642 1104 2683 meos:
1125 2626 1213 2683 etiam
1226 2641 1252 2681 a·

196 2712 260 2786 ipse
283 2711 414 2771 vicissim
444 2712 521 2770 refer
548 2730 671 2771 casusne
698 2717 729 2771 te
753 2713 790 2771 ad
814 2713 925 2771 inferos
949 2712 1051 2772 vivum
1079 2715 1214 2771 miserint

197 2819 235 2858 an
264 2800 306 2858 dii
329 2801 520 2877 conpulerint
547 2801 629 2860 adire
656 2802 795 2860 tenebras
823 2820 862 2860 an
889 2802 1010 2861 fortuna
1038 2802 1095 2861 hoc
1124 2804 1213 2861 etiam

195 2889 253 2947 tibi
276 2889 388 2948 laboris
407 2890 566 2967 inpegerit,
589 2893 623 2948 ut
641 2890 708 2948 loca
725 2890 827 2950 tristia
846 2894 877 2951 et
895 2891 956 2951 sole
975 2892 1108 2949 carentia
1126 2910 1211 2968 pene·

195 2980 290 3036 trares
307 2983 336 3037 et
355 2996 432 3054 quae
451 2979 527 3036 nihil
547 2978 630 3037 aliud
648 2981 768 3053 praeter
786 2980 930 3057 caligines
948 2979 1087 3038 habeant.
1125 2999 1210 3056 quae·

195 3066 247 3124 siit
270 3068 330 3125 ista
353 3068 535 3143 Deiphobus,
560 3067 611 3126 sed
634 3066 753 3125 Aeneae
771 3070 994 3146 responsionem
1013 3068 1127 3144 optimo
1146 3088 1211 3129 eon·
1223 3084 1250 3125 ao·

268 3273 504 3340 laconiam—8
521 3272 663 3341 postulare
687 3288 739 3325 om.
760 3273 802 3327 cd.
838 3277 842 3342 Ι
876 3275 1013 3341 definiunt
1031 3291 1086 3343 que
1104 3273 1130 3327 V
1149 3276 1212 3342 defi·

194 3342 272 3395 cium
290 3360 359 3410 quae
377 3360 435 3396 nos.
519 3350 611 3397 §laon
629 3344 702 3411 qood
721 3343 763 3398 ed.
852 3350 884 3397 11
905 3353 1012 3415 tamque
1029 3347 1151 3401 medelas
1170 3345 1210 3400 ed.

249 3418 282 3466 13
300 3415 413 3480 sueram
431 3414 456 3467 V
476 3416 545 3469 rint
564 3414 607 3467 ed.
687 3420 720 3469 18
739 3416 877 3482 deifobum
896 3415 921 3469 V
940 3416 1086 3482 cf.a‚1ao.
1108 3423 1151 3485 12,
1161 3422 1213 3470 aba

193 3485 301 3552 recepit
320 3486 406 3539 etiam
425 3485 468 3539 ed.
547 3491 582 3538 20
597 3488 756 3554 propositus
774 3486 800 3539 V
819 3504 887 3541 corr.
903 3488 945 3540 ed.
1020 3493 1053 3539 22
1072 3504 1130 3541 aon
1149 3494 1213 3543 esset

193 3556 219 3609 V
237 3573 306 3610 corr.
321 3557 365 3610 ed.
452 3560 636 3612 asprandum
657 3556 690 3611 V.
782 3562 816 3610 24
836 3576 887 3627 quc
905 3577 925 3612 u
943 3561 1084 3627 expuncta
1101 3559 1128 3613 V
1147 3575 1213 3629 ergo

192 3645 224 3696 qo
239 3655 272 3674 =
288 3630 363 3697 quia,
383 3629 458 3696 quod
477 3628 575 3683 Aelius
593 3628 721 3681 Donatus
740 3627 824 3698 legit,
846 3630 1026 3684 confirmatur
1043 3629 1213 3700 interpreta-

184 3700 271 3757 tione.
288 3704 298 3772 l
318 3700 417 3758 domus
435 3703 469 3757 ut
488 3706 538 3755 231
558 3699 592 3753 V.
666 3704 700 3752 29
720 3700 849 3769 caliginis
867 3700 892 3753 V
911 3717 980 3755 corr.
996 3700 1038 3755 ed.
