2734 4159
567 333 750 390 AENEIDOS
768 333 807 389 111
1133 332 1200 398 353

181 505 312 579 fuerent,
331 522 399 563 cum
420 504 574 580 inciperet,
591 505 711 579 intenti,
730 522 797 563 cum
815 503 921 562 finiret.
960 503 1097 562 omnibus
1116 501 1201 578 dixit,

180 596 217 652 ut
244 581 415 653 ostenderet
441 593 557 651 nullum
584 593 648 652 illic
675 593 766 653 fuisse
795 594 846 669 qui
873 611 933 651 non
961 592 1057 652 adhuc
1088 592 1200 652 deside-

181 685 265 741 raret
288 682 400 741 audire.
446 700 608 758 cursusque
631 682 766 758 docebat,
788 684 920 741 fetorum
938 682 1052 740 scilicet
1070 699 1200 740 eucruni

183 773 322 831 conticuit
357 771 474 830 medem
508 773 641 845 factoque
673 772 721 831 hic
751 773 811 844 fine
842 773 964 845 qwicctt:
1003 768 1126 829 tandem
1163 770 1201 829 ed

154 862 285 937 eipsum
306 861 437 935 pertinet
465 861 518 936 qui
544 878 629 920 cecus
658 878 726 920 euos
753 860 897 919 narrabat
918 860 1044 935 invitus,
1070 861 1201 918 ceterum

183 950 337 1009 auditores
355 951 465 1008 intenti
482 950 603 1008 fuerent
621 952 652 1008 et
670 949 767 1008 adhuc
790 948 893 1008 audire
917 949 1085 1025 cupiebant.
1120 949 1201 1006 fecto

183 1042 286 1097 eutem
308 1037 366 1097 fine
388 1037 532 1098 narrandi
554 1038 670 1097 Aeneae
693 1039 814 1099 secessit
838 1038 877 1097 ed
898 1039 1040 1113 requiem.

257 1232 272 1279 1
292 1226 393 1280 intenti
409 1242 471 1280 cum
488 1226 582 1293 finiret
599 1225 652 1279 LR
674 1227 788 1282 intent-ie
810 1243 831 1281 e.
850 1226 872 1293 f.
892 1242 955 1280 cum
998 1240 1066 1278 reve
1084 1224 1202 1278 distinc-

181 1296 262 1351 tione
281 1296 326 1351 ed.
411 1302 427 1350 3
446 1297 558 1352 docebat
575 1313 629 1351 cm.
649 1296 693 1351 ed.
781 1302 796 1351 ‘1
814 1299 921 1353 recessit
938 1296 960 1349 L
1010 1295 1058 1351 edI
1075 1296 1202 1350 mceeeit

182 1368 250 1423 err.
271 1399 305 1409 —
325 1367 494 1438 subscriptio
513 1366 598 1438 plena
619 1368 712 1423 Tiberi
730 1370 782 1422 etc.
798 1400 831 1409 -
850 1369 951 1437 incipit
973 1368 1019 1423 lib.
1038 1368 1112 1422 IIH
1131 1364 1202 1437 (eine

182 1438 316 1508 feliciter)
330 1438 352 1491 L
371 1440 512 1495 setectum
526 1439 677 1495 Claudium
691 1439 851 1494 Maximum
864 1456 918 1494 cm.
929 1440 955 1493 R
973 1442 1048 1509 (cum
1061 1438 1201 1507 feliciter).
