2734 4159
577 357 760 413 uuumoos
778 358 804 412 V
1134 351 1200 422 487

180 528 261 601 quit,
284 525 352 600 fuit,
376 545 453 602 quae
477 528 549 602 quia
572 546 632 586 non
654 503 755 603 potest
778 528 861 586 aetas
884 528 951 601 ipse
973 528 1038 605 regi
1055 547 1109 603 per
1128 544 1200 602 sese,

181 615 361 691 adiungitur
379 617 408 673 ei
425 619 525 675 custos
544 619 574 675 et
592 634 689 675 comes
704 616 757 691 qui
770 615 944 691 inpuberem
960 635 1020 674 non
1037 616 1200 676 recedendo

183 707 313 764 tueatur.
355 709 382 763 et
398 705 491 776 fidam
508 708 552 765 sic
569 708 653 779 fatur
671 705 711 763 ad
730 723 846 764 aurem:
868 705 956 763 facile
979 706 1058 763 enim
1081 706 1109 764 ei
1132 724 1199 765 con·
1238 767 1241 771 ,

183 793 322 853 siliarum
352 812 473 852 suorum
499 797 614 855 secreta
640 792 786 853 fundebat
818 795 867 852 cui
898 812 1019 853 securus
1046 813 1129 870 spem
1156 794 1200 853 fili

152 884 383 942 scammiserat
428 884 503 942 oade
525 901 579 959 ope
597 888 624 942 et
640 881 780 951 Asconio,
804 886 831 942 si
852 886 915 942 toru
927 884 1043 956 puerile
1056 887 1201 956 paratura

185 989 291 1046 opmeu
318 973 404 1030 babet
430 989 528 1032 secun
559 990 734 1046 cursantque
759 974 900 1032 tustrueit
926 989 1077 1045 equorum,
1105 973 1256 1031 durattco

184 1077 240 1120 ooo
259 1065 373 1120 turmas
391 1065 418 1119 et
438 1078 499 1121 sese
516 1062 649 1122 osteudot
664 1064 699 1120 iu
717 1064 818 1130 armis,
842 1062 898 1130 die,
917 1064 968 1121 aet.
1008 1063 1071 1135 ipse
1088 1078 1202 1120 omueru

184 1152 270 1223 lorrpo
293 1150 438 1210 discedere
460 1153 536 1210 circo
554 1152 690 1224 insuetur
703 1151 850 1225 populoru
868 1155 894 1210 et
911 1168 1028 1224 campos
1046 1151 1124 1210 iubet
1142 1168 1202 1209 esse

179 1241 319 1312 pateatis.
374 1242 486 1299 secreto
518 1239 635 1299 Aeneas
667 1243 862 1316 praeceperat
898 1239 970 1314 quid
1003 1239 1100 1314 fieret,
1133 1258 1202 1298 aum

142 1349 171 1388 ro
185 1328 339 1404 Epytiden
355 1330 504 1401 mitteret3
528 1330 662 1406 gratiora
676 1330 757 1388 enim
775 1331 845 1389 sunt
859 1347 935 1406 quae
950 1328 989 1387 ad
1003 1331 1202 1403 spectantium

185 1416 289 1476 oculos
311 1418 465 1493 insperata
489 1421 579 1493 atque
603 1418 760 1493 inopinata
782 1419 968 1494 perveniunt.
1014 1418 1078 1494 ipse
1101 1421 1202 1477 tamen

186 1525 305 1565 omnem
326 1507 471 1583 populum
494 1506 579 1565 iubet
601 1506 637 1566 de
659 1507 758 1566 medio
779 1507 943 1581 abscedere,
967 1507 1020 1582 qui
1042 1525 1073 1565 se
1091 1506 1202 1582 passim

184 1595 278 1672 longo
297 1596 369 1655 circi
386 1598 486 1670 spatio
504 1596 667 1671 infuderat,
690 1599 725 1654 ut
743 1596 841 1672 campi
859 1597 1028 1656 vacuefacti
1049 1596 1203 1655 hominum

185 1683 321 1744 coetibus
350 1685 452 1744 futuro
486 1686 643 1745 certamini
674 1684 801 1745 liberum
832 1687 963 1761 spatium
998 1686 1112 1744 darent.
1158 1688 1203 1743 tu·

144 1773 292 1834 recederat
307 1775 399 1846 puri
415 1776 587 1848 pariterque
609 1779 677 1833 oute
704 1792 758 1833 ora
783 1778 939 1847 pareutum
961 1775 1086 1847 frenatis
1109 1775 1204 1833 herent

185 1865 219 1922 tra
251 1865 345 1936 route,
382 1879 454 1936 quos
484 1866 580 1923 mauis
616 1866 711 1923 erratis
745 1864 919 1923 Trinacriae
950 1866 1060 1923 mirata
1095 1865 1257 1937 fremuere

188 1952 350 2025 Troiaeque
371 1954 515 2012 iuventus.
556 1954 691 2011 comibus
713 1954 746 2011 r‘u
769 1970 878 2011 uorem
896 1956 980 2011 torosa
998 1970 1079 2012 como
1096 1970 1204 2026 presso

185 2057 311 2112 corona·
340 2056 446 2100 corneo
475 2043 546 2101 diua
573 2044 673 2115 serum
694 2043 833 2115 praefica
861 2043 982 2101 merua
1010 2044 1103 2115 ferro,
1127 2059 1204 2115 pars

185 2130 259 2189 leve
280 2146 381 2188 maere
398 2131 566 2203 pharetras,
588 2133 612 2191 a
629 2135 746 2204 pectore
768 2147 881 2189 summo
903 2132 1011 2203 deruis
1032 2131 1135 2189 obtorti
1148 2147 1205 2204 per

140 2240 170 2280 so
185 2218 293 2279 collum
311 2220 437 2277 circulus
455 2222 538 2279 ouri:
556 2223 764 2297 processerunt
781 2221 867 2295 pueri
885 2218 923 2277 ad
943 2237 1088 2295 eampum,
1103 2236 1205 2278 omnes

186 2306 304 2383 equites
327 2309 452 2367 frenatis
476 2310 561 2384 equis
588 2308 751 2385 splendidi,
779 2308 936 2367 constituti
964 2307 1019 2368 sub
1047 2311 1205 2383 pareutum

186 2396 297 2472 oculis,
326 2415 393 2456 cum
416 2396 495 2456 ludis
522 2399 597 2473 ipsis
621 2400 802 2474 spectatores
830 2399 1014 2457 interessent.
1060 2397 1206 2455 fremebat

186 2485 285 2545 omnis
298 2484 460 2545 multitudo
473 2488 662 2563 populorum,
680 2488 737 2547 hoa
751 2489 797 2546 est
814 2486 861 2546 his
880 2484 1084 2545 incedentibus
1098 2487 1205 2544 freme-

188 2575 264 2633 bant
281 2577 344 2634 tam
364 2574 487 2634 Troiani
505 2594 595 2651 quam
614 2577 705 2636 etiam
721 2575 824 2635 Siculi.
861 2575 958 2635 cultus
977 2594 1080 2634 eorum
1099 2574 1204 2634 dehinc

142 2684 173 2725 ss
188 2663 381 2722 describitur:
405 2682 516 2739 omnes,
535 2666 643 2740 inquit,
662 2668 775 2725 attonsi
789 2668 820 2724 et
834 2666 977 2738 coronati,
990 2663 1064 2722 bine
1076 2664 1204 2738 ferentes

188 2754 303 2812 ferrata
325 2752 448 2812 hastilia
471 2772 577 2813 corneo
605 2755 703 2832 ligno,
731 2754 786 2812 alii
813 2756 939 2831 sagittas
967 2754 1077 2812 umeris
1100 2754 1205 2829 phare·

187 2844 312 2918 tresque
334 2845 502 2917 portantes,
526 2846 557 2902 et
583 2862 678 2920 usque
702 2843 740 2902 ad
763 2862 911 2903 summam
938 2843 1066 2919 pectoris
1089 2845 1205 2918 partem

188 2932 287 2990 aureis
311 2931 429 2991 circulis
453 2934 559 2991 ornati.
600 2933 658 2992 hoc
675 2932 790 3008 pariter
808 2932 843 2990 de
863 2931 999 2990 omnibus
1018 2930 1133 2990 dictum
1151 2933 1205 3004 est,

188 3020 296 3079 dehine
314 3021 406 3079 refert
424 3018 535 3081 divisos
554 3029 616 3081 esse
634 3041 688 3097 per
705 3024 832 3080 turmas:
856 3025 913 3080 tres
931 3023 1058 3094 equitum
1075 3030 1260 3080 numerosae

145 3130 174 3170 eo
187 3114 303 3168 turmae
325 3110 455 3182 terramus
476 3114 625 3185 coquatur
646 3112 787 3179 deduce,
804 3113 894 3183 pueri
917 3111 961 3169 bis
982 3112 1047 3169 seru'
1069 3127 1207 3183 quemque

264 3321 374 3368 laetas
387 3315 580 3384 transposed.
599 3317 603 3385 Ι
619 3316 681 3384 ipso
695 3316 754 3385 rapi
764 3333 815 3384 per
828 3314 918 3370 seseL
938 3317 956 3369 ν’.
968 3332 997 3384 p.
1012 3332 1033 3369 s.
1048 3314 1107 3369 r.R
1122 3332 1144 3369 r.
1156 3332 1208 3383 per

186 3385 325 3454 seipsam
344 3387 387 3439 ed.
466 3392 481 3440 3
500 3388 526 3440 ei
544 3385 596 3439 LR
619 3402 672 3439 cm.
693 3387 736 3440 ed.
814 3387 952 3455 tpuerile
967 3393 1074 3454 paratu
1092 3385 1117 3438 R
1136 3402 1208 3454 puer

188 3458 236 3511 ille
252 3464 370 3525 paratus
388 3457 410 3510 L
429 3458 472 3511 ed.
551 3464 567 3511 6
586 3474 748 3526 cursumque
765 3457 819 3511 tu
835 3474 983 3526 cursusque
1001 3457 1044 3511 ed.
1064 3458 1093 3510 et
1111 3472 1207 3511 omnes

188 3530 249 3582 fere
267 3528 351 3598 Verg.
370 3527 445 3582 libri.
538 3529 672 3583 adiectu
689 3529 719 3582 L.
811 3534 826 3581 9
849 3530 925 3596 fieret
946 3528 999 3581 LR
1021 3528 1082 3595 fieri
1105 3528 1209 3582 deberet

187 3600 234 3654 ed.
313 3604 346 3652 10
364 3601 449 3653 mittit
466 3600 509 3654 ed.
588 3606 622 3654 18
640 3602 764 3669 praefixo
783 3599 826 3654 ed.
907 3604 941 3653 24
959 3600 1041 3654 etiosa
1060 3615 1112 3653 om.
1128 3599 1171 3653 ed.

189 3677 224 3725 27
244 3669 283 3725 ad
301 3687 355 3724 cm.
370 3671 413 3724 ed.
451 3676 517 3794 L28
532 3674 642 3739 pariter
659 3672 713 3725 LR
727 3672 833 3742 partim
852 3671 895 3725 ed.
963 3676 996 3724 29
1015 3687 1159 3725 numerum
1177 3670 1208 3725 L.

244 3746 279 3794 30
298 3747 433 3795 uocaretur
476 3785 481 3795 .
