2734 4159
210 300 233 363 2
493 296 634 353 DONATI
650 294 821 355 IN'I'llltPlt.
840 296 947 352 Vana.

211 468 335 530 illorum
361 468 465 527 labore
493 466 602 544 quidve
635 486 670 525 ex
700 468 826 543 paterno
853 465 1037 543 sequendum
1064 469 1112 527 sit.
1169 487 1232 529 non

212 560 293 617 enim
320 559 374 617 aut
400 556 448 617 illi
475 558 576 617 omnia
603 555 741 633 conplexi
767 557 853 631 sunt,
878 559 915 616 ut
940 574 988 617 res
1015 559 1083 635 ipsa
1105 558 1231 632 indicat,

212 650 266 707 aut
294 665 348 725 ego
376 649 463 706 tanta
490 645 633 723 conposui
659 665 736 722 quae
764 647 794 705 te
822 647 939 723 possint
966 646 1005 705 ad
1031 647 1114 723 pleni
1140 647 1231 708 intel-

212 738 309 796 lectus
328 736 465 795 effectum
484 738 676 811 conpetenter
698 734 853 794 instruere.
892 737 1040 812 quocirca,
1058 738 1093 795 ut
1116 737 1231 796 dictum

213 829 267 900 est,
290 826 356 903 lege
380 826 481 885 omnia
504 828 543 899 et,
566 826 592 885 si
614 826 693 884 forte
715 828 819 884 nostra
842 824 910 885 aliis
934 824 1147 902 displicebunt,
1173 826 1231 885 tibi
1258 845 1272 886 s

213 919 292 976 certe
320 915 515 991 conplaceant
542 934 620 991 qnae
647 913 710 975 filio
737 916 826 990 pater
853 916 917 974 sine
940 914 1045 974 fraude
1068 916 1231 981 transmisi.

279 1004 414 1063 Primum
436 1005 532 1082 igitur
555 1006 586 1062 et
610 1006 678 1061 ante
702 1002 803 1062 omnia
826 1002 976 1063 sciendum
997 1006 1044 1064 est
1066 1004 1146 1079 qnod
1168 1024 1233 1064 ma·

215 1096 309 1153 toriae
339 1111 432 1173 genus
460 1092 545 1152 Maro
573 1095 674 1152 noster
701 1092 859 1170 adgressus
887 1092 941 1168 sit,
976 1093 1033 1152 hoc
1065 1095 1144 1153 enim
1171 1095 1234 1153 nisi

213 1184 295 1242 inter
312 1181 401 1241 initia
419 1183 512 1241 fuerit
530 1182 691 1259 cognitum,
709 1180 901 1241 vehementer
918 1181 1074 1241 errabitur.
1103 1186 1133 1241 et
1152 1185 1234 1241 certe

214 1272 405 1331 laudativum
433 1273 493 1346 est,
525 1270 605 1346 quod
635 1270 748 1329 idcirco
775 1271 961 1350 incognitum
988 1273 1034 1329 est
1064 1274 1094 1329 et
1122 1271 1230 1345 latens,
1246 1290 1273 1330 ro

167 1399 169 1403 -
215 1363 287 1438 quia
309 1363 386 1419 miro
409 1360 483 1420 artis
502 1378 608 1438 genere
626 1359 811 1420 laudationis
829 1361 902 1436 ipse,
921 1360 992 1417 dum
1010 1363 1096 1437 gesta
1111 1360 1234 1420 Aeneae

213 1452 414 1527 percurreret,
440 1448 605 1507 incidentia
628 1468 746 1524 quoque
770 1448 862 1508 etiarn
885 1449 1014 1508 aliarum
1036 1450 1233 1509 materiarum

214 1559 325 1618 genera
348 1538 510 1614 conplexus
533 1537 710 1611 ostenditur,
728 1556 783 1597 nec
805 1539 872 1615 ipsa
889 1540 988 1597 tamen
1009 1539 1107 1598 aliena
1126 1557 1144 1597 a
1162 1558 1232 1615 par·

212 1628 295 1688 tibus
317 1626 431 1701 laudis3
459 1644 530 1685 narn
551 1626 662 1687 idcirco
687 1626 846 1704 adsumpta
868 1629 946 1700 sunt,
968 1630 1004 1685 ut
1025 1627 1144 1687 Aeneae
1167 1627 1232 1686 lau-

215 1717 332 1776 dationi
358 1715 543 1793 proficerent.
589 1715 645 1775 boc
671 1716 737 1776 loco
761 1717 896 1792 quisquis
917 1715 1046 1794 Vergilii
1068 1716 1231 1795 ingenium,
1247 1737 1274 1777 rs

214 1805 427 1880 moralitatem,
449 1804 567 1864 dicendi
590 1808 739 1879 naturam,
765 1806 931 1881 scientiam,
957 1824 1055 1865 mores
1077 1805 1231 1882 peritiam·

215 1915 273 1972 que
296 1894 461 1954 rhetoricae
485 1892 661 1970 disciplinae
683 1895 785 1953 metiri
807 1895 898 1969 volet,
915 1896 1082 1955 necessario
1100 1896 1234 1972 primum

214 1984 303 2043 debet
330 1983 484 2044 advertere
508 2001 597 2057 quem
620 1983 784 2059 susceperit
807 1985 938 2043 carmine
961 2002 1014 2044 suo
1037 1982 1233 2061 laudandum,

216 2076 364 2150 quantum
377 2072 510 2132 laborem
524 2090 674 2148 quamque
693 2072 895 2150 periculosum
915 2091 990 2148 opus
1009 2072 1165 2152 adgressus
1183 2074 1231 2133 sit.

214 2163 306 2223 talem
330 2164 410 2229 enim
432 2164 598 2222 monstrare
621 2160 744 2221 Aenean
768 2162 884 2236 debuit,
911 2163 947 2219 ut
970 2161 1078 2240 dignus
1102 2160 1232 2235 Caesari,
1247 2182 1274 2223 ao

213 2255 246 2311 in
278 2254 362 2313 cuius
393 2251 536 2310 honorem
567 2251 642 2309 haec
674 2250 893 2324 scribebantur,
926 2248 1056 2325 paren?
1066 2254 1097 2309 et
1128 2255 1234 2312 auctor

214 2341 331 2419 generis
358 2340 564 2416 praeberetnr3
596 2358 722 2415 cumque
753 2340 852 2415 ipsum
885 2341 1039 2399 secuturae
1071 2342 1233 2399 memoriae

218 2430 325 2489 fuisset
354 2429 521 2488 traditurus
554 2430 688 2489 extitisse
719 2428 849 2487 Romani
885 2427 1004 2503 imperii
1031 2419 1235 2504 conditorem,

215 2518 320 2595 procul
344 2517 448 2592 dubio,
475 2521 511 2577 ut
536 2518 621 2592 fecit,
650 2520 680 2576 et
702 2537 831 2578 vacuum
853 2518 935 2576 omni
957 2518 1046 2593 culpa
1069 2521 1100 2578 et
1122 2538 1232 2597 magno

216 2607 376 2684 praeconio
398 2607 626 2683 praeferendum
649 2606 753 2666 debuit
775 2606 985 2666 demonstrare.
1247 2628 1273 2669 rs

282 2696 423 2754 Dicamus
448 2713 518 2773 ergo
542 2716 619 2771 quae
636 2698 733 2772 ipsius
751 2696 870 2755 Aeneae
889 2714 1046 2772 personam
1065 2695 1232 2756 deformare

215 2786 397 2863 potuissent,
420 2784 537 2842 nullum
558 2786 638 2843 enim
652 2785 820 2863 Vergiliani
843 2786 983 2845 carminis
1007 2784 1164 2862 apparebit
1187 2788 1233 2845 in·

216 2876 345 2953 genium,
364 2874 423 2932 nisi
446 2873 477 2930 in
500 2891 628 2947 persona
651 2876 782 2951 suscepti
803 2873 902 2935 herois
924 2874 1037 2934 fuerint
1060 2878 1234 2935 enumerata

217 2964 375 3024 contraria.
420 2963 569 3020 incertum
598 2964 708 3039 quippe
737 2982 799 3023 esse
827 2981 888 3023 non
914 2967 1014 3041 potest
1045 2963 1168 3023 Aenean
1190 2963 1234 3024 sic

216 3074 252 3111 ex
270 3052 360 3111 Asiae
379 3050 517 3128 partibus
535 3052 689 3111 recessisse
709 3054 819 3112 amissa
837 3055 946 3130 patria,
966 3071 1056 3128 qnam
1079 3051 1233 3113 defensare
1246 3073 1275 3115 so

289 3227 303 3275 1
323 3222 414 3276 labore
432 3222 571 3289 transpos.
591 3220 634 3274 ed.
691 3226 724 3275 10
742 3222 917 3277 laudandum
935 3221 988 3275 LR
1006 3223 1180 3277 laudaticum
1199 3240 1233 3277 ex

218 3300 260 3360 11,
275 3297 327 3346 295
346 3289 454 3346 emend.
473 3309 498 3344 v.
518 3290 544 3344 d.
564 3290 679 3347 Hoeven
697 3310 725 3362 p.
741 3297 783 3345 31.
863 3299 894 3347 11
914 3294 985 3348 nstro
1003 3294 1073 3348 artie
1090 3310 1141 3363 pro
1160 3295 1234 3349 mira

216 3367 286 3432 arte,
323 3363 381 3417 uod
399 3361 475 3416 infra
492 3362 605 3432 legitur.
623 3364 627 3434 Ι
648 3365 706 3432 ipse
724 3363 749 3417 R
767 3364 823 3433 ipsi
840 3364 862 3417 L
880 3365 969 3433 ipsius
987 3362 1030 3418 ed.
1097 3366 1234 3421 laelium

216 3453 270 3490 orn.
285 3383 328 3490 ed.
386 3439 418 3488 13
438 3436 501 3503 ipsa
519 3433 627 3488 omed.
684 3440 718 3488 16
737 3434 847 3490 dicendi
864 3436 993 3491 notitiam
1011 3436 1054 3490 ed.
1112 3441 1144 3489 19
1164 3453 1236 3506 opius

215 3507 268 3561 LR
285 3524 395 3562 carmen
413 3503 456 3560 ed.
534 3511 569 3559 20
589 3506 705 3560 Caesari
720 3506 742 3559 L
764 3506 879 3562 Caesare
897 3506 922 3560 li
941 3508 993 3561 eis
1010 3523 1032 3560 r.
1106 3513 1140 3561 22
1158 3524 1233 3563 secu·

210 3612 338 3736 toremdL
356 3592 476 3670 natira
494 3613 520 3666 R
542 3619 684 3668 secuturae
706 3631 721 3666 r
744 3613 789 3682 (cf.
809 3619 835 3681 9,
849 3618 901 3667 446
924 3620 1051 3669 seculare
1074 3615 1235 3685 posteritas)

198 3696 252 3732 orn.
275 3698 320 3738 e.
