2734 4159
518 356 522 364 .
586 311 770 369 AENEIDOS
788 313 827 368 VI
1149 316 1214 380 593

194 483 231 542 de
254 483 421 559 priscorum
443 483 586 542 memoria
608 482 796 558 loquebatur,
820 501 887 541 oum
910 502 959 542 eos
983 486 1118 543 nominat
1139 503 1214 560 quos

194 572 313 631 Aeneas
345 574 409 647 ipse
441 590 501 630 non
532 574 665 632 noverat.
711 574 790 630 reete
823 574 937 631 veteres
964 573 1110 634 Troianos
1138 573 1215 633 dixit

194 664 282 721 natos
311 661 397 720 annis
425 660 611 734 melioribus,
640 661 783 736 quoniam
805 662 980 735 posterioris
1004 662 1071 720 aevi
1094 666 1125 721 eb
1147 683 1213 738 per-

193 749 334 809 diderant
357 768 425 808 oum
447 751 548 825 patria
571 751 731 825 imperium
754 753 784 808 et
807 749 896 808 multi
918 752 1073 825 perierunt
1096 753 1213 812 casibus

165 838 321 900 ediversis
357 842 387 896 eb
422 839 533 914 reliqui
568 839 754 917 gravissimis
791 838 985 899 incommodis
1026 840 1212 900 tenebantur.

193 946 282 987 amau
298 928 405 1002 procat
427 945 588 1001 munusque
609 930 707 986 airum
724 930 873 987 mirantur
890 930 1000 988 inanis.
1036 933 1115 989 atam
1133 934 1213 990 terra

192 1018 309 1088 defixae
325 1018 427 1076 bonae
439 1019 611 1090 passimque
628 1018 716 1075 soluti
729 1034 786 1090 per
805 1034 940 1090 campum
953 1022 1119 1091 poscuntur
1134 1022 1213 1092 equi:

192 1105 383 1165 mirabantur
406 1105 523 1181 Sibylla
546 1110 577 1165 et
599 1105 716 1165 Aeneas
739 1105 849 1165 habere
871 1108 1005 1166 mortuos
1030 1107 1109 1182 quod
1132 1108 1213 1184 apud

192 1213 316 1271 superos
339 1195 502 1253 incolumes
525 1194 644 1253 habent.
680 1212 755 1267 quae
771 1197 871 1268 qratia
890 1214 1031 1254 curruum
1049 1214 1212 1257 armorum-

151 1307 179 1348 ιο
193 1302 248 1357 que
270 1285 330 1356 fuit
350 1286 435 1352 uiuis,
458 1301 533 1358 quoe
556 1302 629 1343 euru
651 1286 771 1343 nitentis
788 1302 911 1357 poscae
933 1274 1019 1357 equos
1043 1286 1143 1344 eudem
1160 1290 1266 1346 arr-65⁶

192 1374 294 1446 quibu
321 1374 422 1433 tellure
448 1378 591 1446 repostos:
622 1374 747 1432 nitentis
776 1392 867 1449 equos
896 1373 1005 1432 habere
1028 1376 1074 1433 est
1097 1392 1213 1451 semper

191 1461 225 1521 id
253 1480 341 1539 agere
367 1465 404 1521 ut
430 1464 542 1539 iugiter
569 1464 687 1521 nibeant
714 1465 745 1521 et
771 1482 936 1538 numquam
962 1462 1123 1522 videantur
1149 1482 1212 1523 esse

193 1550 330 1628 neglecti.
378 1550 449 1610 talis
480 1570 581 1611 sensus
610 1554 655 1611 est
681 1554 714 1609 in
742 1551 883 1611 buooliois
913 1544 960 1631 (5,
981 1542 1038 1632 44)
1066 1553 1213 1626 „formosi

192 1642 310 1716 pecoris
334 1644 443 1716 eustos,
467 1640 626 1700 formosior
648 1638 739 1717 ipse“.
786 1643 885 1701 eustos
909 1644 955 1699 esi
977 1642 1057 1699 enim
1081 1642 1211 1717 pulchri·

149 1752 178 1793 η
192 1728 307 1788 tudinis
338 1748 479 1804 pecorum
511 1731 560 1789 cui
591 1731 637 1789 est
669 1748 741 1789 eura
773 1734 808 1789 ub
839 1748 955 1807 semper
984 1731 1114 1789 formosa
1142 1732 1211 1791 sini.

193 1837 270 1894 quae
299 1837 371 1877 eura
398 1820 521 1878 nitentis
550 1837 641 1894 equos
665 1838 787 1894 pascere
811 1822 841 1878 et
861 1821 962 1897 grauia
985 1823 1135 1879 armorum
1159 1823 1212 1879 aut

192 1926 335 1967 ourruum
362 1907 421 1966 fuit
447 1910 525 1968 vivis
554 1908 657 1967 eadem
685 1911 819 1967 mortuos
843 1910 991 1984 sequitur,
1017 1909 1050 1966 id
1073 1912 1118 1969 esi
1141 1929 1212 1969 onra

192 1999 225 2054 eb
256 1998 356 2073 gralia
387 1998 580 2072 praecedens3
617 1997 729 2073 quippe
761 1997 950 2075 diligentiam
987 2000 1086 2076 gratia
1121 1998 1210 2074 parit.

192 2086 250 2144 hoe
281 2085 376 2162 igitur
406 2088 534 2146 mortuis
570 2086 703 2145 studium
736 2087 796 2145 fuit
827 2087 907 2162 quod
938 2087 1024 2146 vivis.
1074 2090 1213 2162 conspicit

149 2196 180 2236 ro
194 2192 254 2234 eoae
277 2176 351 2233 alios
374 2175 477 2235 dextra
499 2176 639 2248 laeuaque
655 2194 714 2249 per
739 2177 858 2235 herbum
885 2178 1022 2235 vescentis
1048 2176 1211 2250 laurosque

193 2265 278 2323 choro
304 2281 426 2337 paeana
458 2268 601 2333 maeotis,
634 2266 749 2324 scilieet
776 2266 949 2324 convivium
976 2265 1152 2324 celebrantis
1181 2269 1211 2325 et

193 2355 314 2429 praeter
336 2353 492 2437 epularum
514 2354 665 2413 laetitiam
687 2354 872 2413 hilaritatem
896 2366 982 2413 suam
1005 2355 1090 2414 festis
1119 2354 1208 2413 eliam

193 2441 330 2502 cantibus
353 2444 558 2517 protestantis.
603 2445 681 2502 inter
706 2443 859 2502 odoratum
882 2445 962 2502 lauri
988 2461 1104 2511 namur,
1132 2445 1211 2502 uude

193 2548 319 2605 superae
349 2533 500 2604 plurimus
535 2532 668 2591 Eridani
698 2550 756 2605 per
791 2533 897 2591 siloam
932 2532 1058 2591 uoluitur
1097 2535 1210 2592 omnis:

151 2641 179 2681 su
194 2619 294 2678 omnia
321 2618 352 2677 in
380 2640 473 2679 unum
500 2621 581 2679 laeta
608 2624 822 2696 eonvenerant,
849 2621 1041 2681 honestorum
1066 2640 1209 2698 personae

193 2712 354 2784 coetusque
377 2709 537 2784 iustorum,
561 2713 724 2787 apparatus
749 2710 925 2784 adfluentes,
953 2712 1078 2769 laetitia
1096 2714 1209 2786 cantus,

193 2798 275 2857 loeus
298 2798 397 2857 herbis
419 2799 525 2857 hilaris
549 2803 579 2858 eb
601 2798 748 2858 iucundus
772 2800 911 2859 odoribus
932 2800 1019 2874 lauri,
1038 2819 1209 2861 nemorosus

193 2891 284 2962 atque
307 2887 455 2946 undarum
478 2889 653 2963 perennium
677 2888 763 2964 eopia
781 2908 897 2964 semper
915 2892 1041 2965 apricus.
1074 2890 1121 2947 bio
1137 2893 1265 2948 ona-660

192 2995 251 3035 aas
273 2977 308 3034 ob
326 2980 461 3049 patriam
479 2979 642 3051 puyuuudo
666 2978 790 3036 valuero
806 2981 907 3050 passi:
929 2980 963 3037 in
980 2980 1110 3036 maxime
1130 2981 1209 3037 enim

149 3088 179 3129 ao
192 3069 263 3124 sunt
286 3066 383 3143 gloria
407 3066 459 3141 qui
482 3086 536 3141 pro
560 3069 659 3142 patria
682 3071 850 3144 pugnantes
874 3067 1020 3141 obierunt,
1044 3070 1078 3126 ut
1101 3086 1116 3125 e
1140 3086 1208 3126 eon·

264 3277 399 3327 boeteros
417 3271 450 3325 V.
537 3277 658 3327 bterrae
677 3272 720 3325 ed.
807 3276 876 3326 8-9
896 3274 973 3341 apud
990 3288 1102 3340 superos
1120 3271 1145 3325 V
1163 3290 1207 3327 aa·

187 3345 252 3413 peri
270 3343 314 3398 ed.
401 3349 552 3398 §leuraam
569 3343 595 3397 V
613 3344 726 3398 currum
745 3343 788 3397 ed.
872 3344 1121 3412 mouenturquos
1138 3342 1171 3398 V.

194 3421 299 3468 13-14
317 3416 435 3482 formosi
449 3432 477 3483 p.
492 3431 513 3469 c.
528 3416 695 3481 foronomior
712 3414 738 3468 V
756 3413 841 3482 (infra
859 3415 997 3485 formosa).
1071 3419 1104 3466 14
1122 3430 1207 3469 causa

191 3489 257 3556 post
275 3488 347 3541 euim
365 3485 495 3554 interpol.
511 3486 555 3540 ed.
634 3492 666 3539 15
684 3503 754 3541 euru
772 3486 817 3539 uis
835 3484 861 3538 V
879 3503 947 3540 euru
965 3492 996 3539 ab
1014 3485 1057 3539 ed.
1079 3488 1083 3555 Ι
1107 3488 1165 3539 siut
1183 3485 1208 3539 V

189 3560 228 3613 sil
251 3557 294 3612 ed.
405 3563 437 3611 19
461 3560 527 3627 posi
552 3558 622 3612 uiuis
649 3557 773 3626 spatium
801 3556 889 3626 signis
918 3556 1060 3625 expletum
1085 3556 1114 3609 in
1138 3557 1171 3610 V.

193 3634 225 3682 22
244 3630 322 3695 festis
339 3629 365 3682 V
382 3630 488 3695 feaiioia
506 3629 549 3681 ed.
623 3635 657 3682 25
676 3635 823 3683 sonuerant
838 3628 871 3682 V.
946 3633 979 3681 28
1000 3630 1110 3698 apricus
1123 3628 1149 3682 V
1164 3628 1206 3682 ed.

191 3702 321 3771 iuriquus
339 3703 477 3769 expectes,
497 3700 546 3753 sed
566 3700 601 3754 of.
617 3705 713 3767 uias.

245 3800 303 3840 Don.
318 3801 413 3847 interpr.
424 3800 491 3848 Vei-g.
513 3800 558 3839 vol.
568 3800 586 3838 Ι.
959 3793 993 3842 38
