2734 4159
579 333 785 390 PRAEFATIO
1152 334 1191 389 XI

172 504 293 565 nielinis
314 504 473 565 scholiisve
491 503 713 565 Veronensibus
735 506 831 583 magis
855 506 1003 564 consentit
1021 504 1069 563 vel
1087 503 1190 579 eliqua

171 613 251 671 quae
274 594 395 655 Servius
416 593 530 653 refellit
552 592 757 671 amplectitur,
783 593 859 653 nibil
882 592 951 653 hino
974 593 1109 669 sequitur
1130 592 1190 652 nisi

170 702 242 743 eum
259 702 320 742 non
336 702 372 743 ex
385 683 449 744 solo
464 681 568 742 Servio
586 682 733 756 hausisse;
752 685 824 759 quin
844 702 911 743 eum
930 682 997 742 eliis
1016 684 1108 743 etiam
1122 681 1189 741 Ser·

173 773 223 833 vio
246 791 317 833 usus
341 772 382 831 sit
399 772 474 831 talia
492 790 552 833 non
570 771 701 833 obstent.
738 773 839 831 extitit
855 771 1001 849 Hoppius,
1021 770 1072 847 qui
1091 790 1189 830 emen·

173 861 252 921 detis
281 860 459 937 quibusdem
485 861 643 921 Burckasii
670 860 819 921 erroribus
847 879 902 920 sua
932 861 1189 939 argumentatione

169 950 253 1010 idem
276 950 391 1009 efficere
414 949 472 1010 sibi
495 952 577 1011 visus
600 953 653 1026 est,
672 952 707 1009 ut
725 949 877 1010 Donatum
896 949 1000 1010 Servio
1019 968 1106 1009 usum
1125 967 1189 1008 esse

172 1040 304 1117 negaret
346 1042 379 1099 at
402 1039 501 1116 qualis
525 1043 570 1099 est
592 1039 647 1098 ille
671 1036 912 1117 argumentatio?
949 1039 1029 1115 quod
1051 1038 1189 1099 Donatus

172 1128 384 1205 septemdecim
410 1129 473 1188 fere
500 1128 573 1188 locis
597 1147 613 1187 e
636 1127 750 1188 duabus
775 1146 848 1203 ques
872 1131 1017 1187 memoret
1043 1130 1189 1204 interpre-

169 1218 338 1278 tationibus
361 1218 488 1277 alteram
509 1218 653 1293 praefert,
676 1217 814 1293 Hoppius
839 1216 872 1275 id
895 1216 1077 1291 ‚,certissimo
1101 1216 1190 1277 docu-

171 1310 274 1366 mento
301 1324 365 1366 esse
393 1307 449 1381 eit,
477 1326 546 1365 eum
569 1298 676 1387 (unum
699 1298 844 1388 aliquem)
869 1306 1115 1365 commentarium
1137 1306 1190 1364 ha·

173 1394 272 1455 baisse
296 1414 385 1472 quem
408 1395 595 1469 exscriberet,
616 1396 792 1470 plerumque
815 1396 868 1470 ite,
892 1399 926 1454 ut
948 1398 1053 1471 postea
1076 1393 1112 1453 de
1135 1413 1189 1454 suo

170 1484 297 1545 adderet
319 1485 446 1544 alterm
467 1477 773 1560 interpretationem“.
810 1483 927 1543 cautius
949 1483 1097 1542 iudicanti
1114 1482 1190 1541 nihil

172 1573 242 1633 inde
265 1575 350 1651 sequi
372 1573 524 1634 videbitur
545 1573 605 1633 nisi
628 1592 698 1632 eum
719 1574 974 1649 interpretationis
996 1571 1189 1650 Vergilianas

170 1664 390 1723 controversias
413 1665 549 1742 cognitas
571 1661 723 1722 habuisse:
746 1665 848 1721 utrum
871 1663 1003 1738 aliquem
1020 1661 1101 1721 inter
1118 1662 1189 1722 scri·

173 1751 303 1812 bendum
331 1751 370 1811 ad
396 1771 518 1811 manum
545 1751 685 1811 hebuerit
711 1751 959 1819 commentarium
984 1769 1024 1809 en
1046 1750 1190 1810 memoria

170 1844 293 1901 tanturn
324 1840 421 1901 fretus
448 1842 496 1900 vel
524 1841 727 1901 adnotationis
754 1842 786 1898 in
815 1840 979 1916 exemplari
1006 1858 1059 1899 suo
1082 1839 1189 1917 Vergi-

171 1930 255 1989 liano
278 1930 366 2008 copia
388 1930 508 1990 adiutus
532 1950 635 1990 earum
658 1932 868 2005 quaestionum
887 1930 1068 1989 mentionem
1086 1929 1190 1987 feeerit

171 2038 233 2079 non
264 2018 494 2096 praeiudicatur.
545 2020 620 2078 elios
653 2018 754 2079 decem
786 2019 866 2078 locos
897 2018 1035 2095 Hoppius
1068 2017 1190 2094 collegit

172 2108 283 2184 quibus
306 2107 442 2169 Donatus
466 2108 539 2168 dues
562 2110 835 2185 interpretationes,
854 2108 980 2166 alteram
999 2108 1190 2185 argutiorem,

172 2198 352 2273 ineptiorem
374 2198 510 2271 alteram,
533 2198 645 2256 dilectu
667 2217 728 2257 uon
750 2196 853 2256 habito
876 2197 999 2272 profert.
1035 2196 1085 2256 hio
1103 2215 1189 2272 „pro-

172 2305 244 2346 nam
270 2304 333 2346 esse
361 2288 406 2345 ait
433 2288 647 2360 coniecturam,
678 2288 809 2367 priorem
839 2285 939 2345 deberi
967 2285 1191 2359 vetustioribus,

173 2375 300 2435 alteram
322 2375 452 2450 Donato,
474 2375 625 2435 interdum
648 2367 778 2457 (scilicet
799 2374 852 2433 ubi
874 2376 981 2433 neutra
1003 2377 1107 2451 inepta
1130 2366 1188 2455 est)

173 2466 332 2541 utramque
359 2464 397 2524 ab
425 2484 461 2525 eo
488 2465 669 2543 descriptam
696 2463 786 2524 esse“.
831 2463 1071 2540 praeiudicatum
1102 2461 1190 2521 nimi-

153 2572 253 2633 rum,
281 2556 317 2612 ut
344 2572 434 2630 supra
460 2554 604 2629 vidimus,
626 2554 747 2630 Hoppio
771 2554 830 2612 fuit
852 2553 929 2611 nihil
953 2553 1034 2629 quod
1055 2552 1121 2613 seni
1143 2552 1191 2609 iu*
1215 2576 1217 2584 ·

88 2698 91 2710 ,,
173 2641 245 2701 dicii
277 2645 354 2703 esset
385 2643 539 2704 Donatum
571 2643 699 2704 seribere
735 2644 877 2720 potuisse.
930 2643 1053 2718 „plures
1089 2644 1190 2699 eutem

173 2729 337 2809 inspexisse
360 2734 588 2793 commentarios
611 2751 706 2808 neque
729 2732 891 2791 verisimile
915 2734 968 2805 est,
991 2730 1091 2806 inquit
1109 2730 1191 2805 Hop-

173 2821 249 2897 pius,
273 2840 342 2880 eum
364 2823 418 2897 qui
439 2824 503 2899 ipse
526 2822 685 2900 profitetur
707 2839 738 2881 se
762 2821 871 2879 cursim
896 2821 1048 2896 scripsisse
1077 2819 1190 2878 relictis

173 2910 311 2986 plurimis
335 2914 365 2969 et
388 2912 440 2986 qui
462 2930 588 2988 puerum
610 2914 717 2988 poetae
741 2911 868 2970 lectione
891 2909 1026 2968 initiaret
1046 2908 1103 2969 hoo
1122 2927 1189 2967 oon-

175 2998 251 3076 silio,
269 3017 329 3060 non
348 3002 383 3057 ut
401 3001 629 3077 grammaticum
648 3002 759 3076 ageret,
777 2997 831 3058 sed
853 3002 889 3056 ut
910 2998 1072 3075 rhetorem3
1095 3016 1190 3073 neque

175 3106 241 3146 oum
263 3087 377 3147 Donati
403 3088 503 3148 indole
527 3089 646 3164 qualem
670 3087 879 3164 descripsimus
908 3078 1052 3168 (hominis
1076 3088 1191 3146 scilicet

175 3177 261 3235 stulti
284 3195 319 3236 ae
341 3170 488 3258 perversi)
510 3177 582 3236 telis
605 3178 683 3236 ratio
704 3177 850 3255 congruit,
868 3179 902 3234 ut
921 3176 1093 3252 compositis
1112 3177 1192 3235 inter

175 3283 206 3324 se
233 3266 432 3343 complurium
464 3266 684 3326 commentariis
716 3266 857 3342 probaret
888 3266 990 3323 omnia
1019 3267 1050 3324 et
1078 3265 1191 3324 bonum

174 3353 316 3414 teneret“.
351 3355 488 3415 Donatus
507 3357 533 3414 si
551 3374 606 3433 pro
624 3373 679 3415 suo
698 3352 940 3431 interpretandae
956 3353 1103 3415 Aeneidos
1123 3372 1191 3414 oon-

175 3443 242 3503 silio
261 3444 360 3503 nullas
379 3444 499 3504 omnino
518 3445 782 3521 grammaticorum
801 3444 1018 3503 controversias
1031 3445 1190 3521 tetigisset,

175 3551 234 3591 non
251 3536 329 3593 esset
347 3532 426 3608 quod
439 3533 624 3592 miraremur.
653 3534 740 3608 etqui
753 3532 890 3608 plurimis
909 3532 1012 3611 tetigit
1030 3533 1112 3606 locis,
1131 3551 1191 3591 non

174 3618 212 3681 iis
227 3618 359 3681 'tantum
386 3640 461 3698 quos
484 3621 666 3681 Burolrasius
694 3622 830 3701 collegit,
856 3621 912 3681 ubi
937 3624 1042 3699 aperte
1065 3622 1205 3679 suorum

176 3712 336 3769 enuntias
364 3714 419 3769 aut
446 3712 561 3774 refellit
593 3715 648 3776 aut
683 3712 813 3795 accipit,
846 3713 905 3777 sed
930 3729 1041 3775 omnes
1067 3702 1232 3767 audisses
