2734 4159
197 345 264 409 356
479 341 618 398 oomni
634 335 805 398 mennon<
824 342 932 400 vano.
1021 321 1023 326 ’

197 513 291 572 fuerit
318 530 402 587 eura,
429 515 465 572 ut
491 512 524 571 in
546 512 676 587 Didone,
704 532 765 572 non
791 516 892 589 potest
913 514 1095 574 intervenire
1118 516 1215 573 somni

197 600 380 660 beneficium.
427 620 492 661 eooe
516 601 766 676 quemadmodum
788 602 915 662 Didonis
938 601 1147 664 deseribuntur
1170 623 1214 663 ar·

141 760 144 766 Ι
198 690 296 749 doresr
325 710 386 749 non
407 690 583 750 flectebatur
604 692 636 749 in
658 692 793 767 requiem
815 709 869 750 neo
891 693 989 752 somni
1010 693 1123 752 virtute
1150 694 1214 752 vin·

198 779 321 839 uebatur
338 784 391 839 aut
409 782 551 856 tempore,
565 781 638 855 quia
656 779 829 857 inpediebat
845 780 960 841 medius
975 800 1067 842 amor.
1095 786 1215 856 postero

198 869 330 929 Phoebeo
353 871 498 929 lustrabat
518 870 656 942 lampado
677 873 773 929 terroe
795 874 993 944 umeuteoique
1015 887 1129 930 aurora
1146 872 1216 946 polo
1240 889 1250 931 s

199 959 360 1018 dimoverat
389 960 538 1024 metram,
571 976 636 1017 oum
667 960 710 1017 sto
739 960 910 1018 commitem
941 959 1112 1033 adloquitur
1140 962 1216 1020 mute

155 1045 157 1050 ’
197 1065 276 1106 sono
293 1064 437 1107 sororem:
459 1066 519 1106 non
538 1047 615 1106 dixit
633 1047 800 1107 luoesoente
818 1047 866 1106 die
880 1047 1029 1108 Didonem
1046 1049 1216 1123 surrexisse,

199 1138 271 1211 quia
297 1137 425 1214 pervigil
452 1139 641 1213 transegerat
668 1139 799 1209 noetem,
827 1137 878 1195 sed
906 1136 1131 1213 cumprimum
1153 1138 1215 1198 dies

198 1226 305 1284 fuisset
337 1228 453 1299 exorta,
485 1226 617 1284 looutam
647 1226 724 1285 tatia
755 1243 823 1284 oum
855 1243 964 1285 sorore.
1009 1228 1085 1285 mire
1115 1230 1216 1286 autem

199 1315 302 1390 posuit
328 1314 406 1373 male
435 1330 521 1373 sana:
558 1332 648 1372 sanus
675 1316 722 1374 est
748 1316 829 1372 enim
856 1316 909 1390 qui
935 1316 1018 1374 nullo
1045 1316 1141 1374 animi
1165 1319 1249 1376 autu

200 1402 331 1478 eorporis
363 1402 552 1461 inoommodo
583 1405 744 1478 premitur,
775 1421 865 1464 senus
892 1423 953 1464 non
980 1406 1026 1463 est
1052 1404 1105 1480 qui
1133 1406 1215 1464 nullo

199 1491 295 1552 bonae
327 1491 502 1551 valitudinis
534 1491 675 1553 benefioio
714 1494 901 1568 confovetur,
937 1493 1015 1552 male
1046 1512 1140 1554 sanus
1172 1499 1216 1555 est

199 1583 300 1640 autem
324 1582 377 1656 qui
400 1580 493 1639 animi
514 1584 671 1640 tormentis
695 1581 849 1659 adfligitur
861 1584 898 1643 ,et
915 1601 970 1658 pro
989 1601 1062 1641 sano
1080 1583 1215 1643 babetur.

199 1671 314 1728 interea
328 1688 395 1729 oum
413 1673 503 1745 poeta
516 1670 683 1745 praemittit
699 1690 838 1745 sororem,
852 1672 1021 1747 praemittit
1034 1674 1215 1742 unanimem.

200 1758 331 1818 ostendit
355 1758 470 1834 aliquid
487 1759 635 1819 Didonem
654 1778 812 1837 germanae
831 1759 980 1819 dicturam
999 1760 1079 1836 quod
1096 1760 1130 1819 in
1150 1762 1215 1821 vul·
1228 1778 1249 1821 u

200 1866 258 1925 gns
280 1866 340 1906 non
363 1847 484 1906 deberet
507 1848 594 1906 exire.
631 1851 697 1908 erat
720 1851 799 1907 enim
822 1849 1028 1925 turpissimum
1049 1869 1166 1911 amores
1184 1852 1215 1909 in

199 1937 348 2012 hospitem
375 1936 494 2013 publius
522 1936 669 2012 confiteri,
699 1938 749 1996 sed
776 1937 892 1997 nullam
918 1938 1046 2014 putabat
1070 1939 1126 1998 illa
1150 1959 1215 2000 con·

201 2027 372 2100 fossionem,
404 2026 524 2101 quando
556 2026 588 2084 in
620 2026 735 2085 dnobus
767 2045 903 2086 sororum
934 2026 1109 2103 corporibus
1141 2047 1216 2089 unus

201 2117 316 2174 animus
335 2115 402 2176 fuit.
438 2115 532 2175 Auno
549 2133 647 2175 soror:
669 2118 829 2191 utrumque
852 2117 997 2192 oonplexa
1015 2119 1069 2189 est,
1088 2117 1216 2177 alterum

200 2223 307 2264 nomen
339 2224 398 2280 quo
430 2208 588 2264 votaretur
620 2204 657 2264 ab
691 2205 842 2278 omnibus,
877 2206 1004 2264 alterum
1036 2201 1117 2281 qubd
1150 2226 1250 2267 oon-se

200 2295 413 2370 sanguinitatis
445 2294 569 2353 dederat
600 2312 710 2353 cursus.
763 2294 810 2352 his
847 2294 1000 2354 vocabulis
1031 2294 1217 2355 admonitam

200 2383 311 2456 voluit,
339 2386 373 2441 ut
401 2384 481 2459 quod
508 2387 572 2443 erat
600 2384 741 2443 auditura
768 2386 883 2441 teneret
910 2385 1010 2442 animo
1039 2385 1069 2442 et
1091 2384 1216 2445 oonsilio

200 2475 315 2548 regeret
339 2476 538 2531 aestuantem:
571 2476 601 2531 et
623 2475 725 2531 tamen
749 2473 964 2532 confessionem
987 2475 1099 2549 ipsam,
1127 2493 1217 2550 quam

201 2559 314 2618 sciebat
345 2562 547 2636 inhonestam,
579 2582 639 2621 non
666 2562 759 2622 semel
786 2561 901 2637 effudit,
934 2562 987 2620 sed
1013 2581 1070 2622 usa
1100 2566 1147 2624 est
1173 2566 1216 2621 in·

201 2648 371 2708 sinuatione
394 2654 424 2707 et
446 2670 500 2726 per
523 2652 627 2729 longos
651 2651 809 2711 verborum
833 2651 957 2710 oireulos
980 2652 1064 2710 venit
1087 2652 1127 2710 ad
1151 2671 1216 2712 eam
1229 2671 1250 2713 a

201 2739 317 2811 partem
346 2756 423 2813 quae
451 2741 514 2798 sine
542 2741 657 2798 iaotura
685 2740 822 2815 pudoris,
850 2740 986 2814 quamvis
1014 2741 1095 2816 apud
1125 2742 1215 2801 talem

201 2844 346 2899 sororem,
378 2826 504 2902 proferri
531 2846 591 2886 non
618 2830 727 2904 potuit.
773 2830 829 2887 boe
856 2829 922 2888 looo
950 2831 1082 2904 apertius
1106 2830 1218 2891 dieitur

202 2914 274 2990 quid
306 2916 347 2973 sit
378 2916 492 2989 „multa
524 2916 581 2974 viri
613 2917 710 2975 virtus
742 2919 842 2977 animo
876 2919 1047 2994 multusque
1083 2923 1218 2980 reourset

202 3004 299 3080 gentis
322 3002 442 3063 honos“.
484 3007 529 3063 ait
551 3007 628 3063 enim
653 3006 741 3064 Anne
765 3025 857 3079 soror,
880 3025 954 3081 quoe
976 3025 1022 3066 me
1042 3025 1218 3081 respuerem

150 3099 183 3148 10
201 3094 349 3152 insomnio
377 3096 499 3152 terreret!
543 3096 608 3167 quis
630 3112 724 3154 novus
745 3096 791 3153 bio
813 3099 921 3154 uostris
942 3099 1080 3157 suecessit
1100 3099 1251 3160 aedituos·

200 3183 318 3255 turpes!
362 3182 476 3258 patior,
504 3183 615 3258 inquit,
643 3202 739 3258 soror,
766 3184 927 3258 insomnia,
960 3185 1031 3244 dum
1064 3187 1218 3248 considero

201 3272 277 3329 nihil
305 3290 368 3331 esse
395 3272 427 3329 in
454 3271 572 3347 hospite
599 3275 701 3332 nostro
731 3274 810 3349 qnod
837 3276 982 3350 praeferri
1011 3294 1072 3333 non
1101 3275 1217 3337 debeat.

274 3448 287 3493 1
309 3441 472 3496 intervenire
490 3440 543 3494 LR
560 3441 682 3495 inveniri
700 3443 742 3495 ed.
816 3450 832 3497 4
849 3450 944 3512 posteo
963 3444 1015 3498 LR
1032 3452 1142 3513 postero
1161 3464 1183 3501 r.

204 3517 236 3565 10
254 3529 342 3567 mnus
359 3518 399 3567 est
420 3514 492 3567 em'm
510 3511 563 3565 LR
584 3529 671 3566 sosius
692 3530 749 3567 ooo
771 3521 810 3570 eet
828 3514 871 3568 ed.
895 3531 952 3569 eon
970 3515 1024 3569 del.
1045 3517 1088 3570 ed.
1108 3521 1184 3587 post.

204 3588 236 3637 16
253 3586 357 3639 amoris
370 3583 396 3637 R
414 3599 532 3638 amorem
550 3600 571 3636 r.
626 3589 661 3636 20
679 3601 733 3651 quo
746 3585 863 3640 ombR
876 3586 941 3639 add.
956 3604 970 3637 r
984 3586 1027 3640 ed.
1084 3594 1118 3643 28
1136 3592 1220 3645 ocati·

194 3663 318 3714 mantem
336 3655 390 3712 ΒΕ
409 3654 453 3711 ud.
472 3659 640 3710 oeabaeautem
658 3670 716 3708 noe.
821 3662 855 3710 28
874 3663 981 3712 reeuaot
999 3657 1050 3711 LR
1070 3676 1141 3714 corr.
1159 3678 1184 3716 r.

183 3728 677 3803 &momenmentum
