2734 4159
209 332 328 387 XXVIII
614 332 821 389 PRAEFATIO

210 502 315 561 referri
337 505 469 577 possunt.
511 504 544 561 at
566 505 636 561 sunt
658 502 750 560 etiam
774 521 849 577 quae
872 504 935 562 sive
959 502 1114 579 archetypi
1136 523 1231 565 manu

211 591 274 650 sive
297 591 376 650 falsa
399 593 496 666 specie
519 593 582 651 sive
605 591 772 668 corrigendi
796 590 900 650 morbo
928 591 1046 667 decepti
1072 611 1230 668 perperam

210 682 425 755 temptaverint
457 681 494 740 cf.
520 686 555 756 1,
580 682 653 740 527.
693 681 765 740 545.
804 681 878 739 563.
917 683 950 755 2,
980 683 1052 740 752.
1091 683 1124 755 3,
1153 684 1229 742 301.

212 770 284 827 578.
314 770 387 827 641.
416 772 445 843 4,
461 771 534 829 210.
559 772 632 828 212.
658 770 730 828 655.
761 770 790 844 5,
808 771 880 842 707,
906 772 976 829 sunt
999 771 1060 829 alia
1083 789 1160 846 quae
1182 773 1229 829 in-

210 861 343 917 correcta
378 859 555 933 reliquerint
591 858 735 934 plurima,
772 860 863 917 etiem
901 860 1011 918 omissa
1047 862 1082 918 ut
1119 862 1148 934 4,
1175 864 1228 920 40.

209 948 307 1006 rarior
338 949 458 1007 omnino
490 948 521 1006 in
555 947 669 1007 decimo
706 947 782 1006 libro
820 948 962 1007 correctio
996 950 1041 1007 est
1073 967 1164 1023 quam
1195 953 1227 1008 in

209 1036 295 1094 libris
318 1036 420 1095 I-V.
466 1056 520 1095 nec
543 1039 644 1095 omnia
667 1036 833 1113 corrigendi
858 1054 948 1096 causa
972 1037 1116 1096 adnotata
1144 1042 1228 1099 sunt:

209 1143 298 1200 saepe
326 1128 405 1185 enim
432 1127 541 1185 codicis
568 1127 697 1185 lectione
724 1144 819 1200 neque
848 1144 932 1185 erasa
958 1145 1056 1202 neque
1079 1131 1228 1202 expuncta

209 1233 305 1289 neque
328 1217 446 1275 mutata
469 1219 523 1274 aut
545 1216 606 1273 alia
629 1217 661 1273 in
685 1216 819 1292 margine
843 1214 959 1274 adiecto
979 1215 1061 1289 „vel“
1082 1210 1111 1292 (I
1129 1216 1177 1275 vel
1196 1209 1226 1299 I)

208 1305 363 1379 proposita
386 1310 438 1363 aut
461 1304 565 1380 aliqua
588 1304 737 1362 dubitatio
761 1304 864 1362 addito
887 1302 1033 1379 „quaere“
1057 1296 1105 1386 (q)
1133 1307 1227 1383 signi·

207 1392 297 1451 ficata
325 1397 378 1453 est.
425 1396 615 1453 correxerunt
643 1392 787 1466 codicem,
816 1412 882 1451 cum
909 1395 971 1452 iam
998 1394 1111 1471 ligatus
1135 1397 1226 1469 esset3

207 1500 278 1540 nam
306 1483 344 1540 ad
373 1484 598 1558 quaternionem
625 1482 877 1540 undevicesimum
909 1501 962 1557 per
993 1502 1124 1542 errorem
1156 1487 1226 1543 ante

208 1570 480 1630 duodevicesimum
497 1572 644 1629 insertum
663 1572 695 1629 in
715 1560 881 1629 calcedolii
897 1571 991 1630 13613
1007 1575 1038 1631 et
1051 1572 1118 1631 folii
1130 1573 1224 1631 1-4413

208 1660 329 1718 secundi
352 1662 527 1720 correctoris
550 1652 576 1719 r'
593 1680 685 1719 manu
708 1664 808 1734 „verte
832 1660 1076 1735 quaternionem“
1100 1660 1224 1722 adnota-

207 1750 272 1806 tum
296 1753 349 1807 est.
396 1750 507 1809 mansit
529 1748 641 1808 ordinis
664 1748 866 1824 perturbatio,
894 1767 960 1808 cum
987 1752 1020 1808 in
1042 1749 1225 1811 bibliotheca

207 1837 356 1898 Vaticana
388 1856 465 1897 nouo
496 1840 651 1897 involucro
683 1837 761 1895 liber
792 1842 956 1897 ornaretur.
1007 1838 1129 1898 secundi
1161 1859 1224 1899 cor-

205 1929 329 1987 rectoris
356 1922 385 1985 r'
412 1929 542 2005 vestigia
570 1927 608 1986 ad
636 1928 766 1985 aetatem
793 1925 864 1985 libri
891 1930 1060 1987 accuratius
1083 1928 1223 1989 definien-

207 2015 276 2073 dam
302 2019 385 2076 viam
413 2019 560 2093 aperiunt
606 2019 688 2075 extat
716 2017 796 2073 enim
823 2018 856 2074 in
884 2017 951 2075 folii
972 2018 1035 2075 168
1058 2019 1171 2096 pagina
1189 2018 1224 2093 B,

206 2105 291 2164 cuius
315 2107 442 2165 alteram
465 2108 582 2182 partem
605 2123 732 2164 vacuam
756 2123 819 2163 esse
840 2110 1122 2181 supramemoravi,
1141 2107 1224 2167 illius

205 2195 310 2268 procul
333 2196 423 2255 dubio
447 2214 538 2253 manu
561 2196 706 2269 scriptum
729 2213 849 2253 carmen
871 2194 1035 2270 sepulcrale
1059 2194 1127 2255 hoc:

294 2284 342 2341 hic
365 2285 440 2344 situs
463 2287 509 2344 est
532 2283 624 2343 abbas
646 2283 694 2356 H.,
717 2283 888 2359 praeclarus
911 2283 1030 2360 ubique,

339 2375 388 2431 cui
411 2392 504 2452 genus
527 2376 558 2432 et
579 2391 676 2432 mores
700 2373 828 2431 culmine
851 2371 943 2450 digna
967 2373 1087 2446 dabant,

254 2480 260 2489 ·
293 2460 409 2521 Aldrici
432 2463 468 2521 de
490 2463 584 2521 fratre
606 2481 707 2538 nepos,
731 2463 784 2537 qui
806 2462 926 2536 praesul
949 2463 1092 2521 amandos

337 2554 468 2625 protexit
491 2551 630 2626 Senones,
653 2570 707 2610 nos
730 2552 798 2626 pius
821 2553 890 2609 ante
913 2554 1006 2626 pater.

293 2639 397 2698 doctus
421 2644 452 2699 et
473 2641 611 2700 indoctus
634 2641 741 2699 merito
764 2639 934 2699 laudaverit
955 2641 1060 2714 istum;

338 2731 431 2788 sensit
453 2731 532 2787 enim
555 2731 677 2803 iustum,
700 2730 793 2789 sensIt
815 2733 940 2804 uterque
962 2731 1054 2805 pium.

292 2821 361 2892 post
384 2818 455 2876 felix
478 2819 594 2878 senium
616 2821 710 2877 vitam
735 2837 802 2878 cum
824 2820 958 2894 tempore
980 2820 1079 2895 liquit,

337 2907 437 2966 vivere
461 2907 548 2966 detur
571 2908 597 2965 ei
621 2926 738 2982 semper
759 2909 792 2965 in
815 2925 882 2965 arce
906 2908 977 2983 poli.

292 2995 420 3055 luximus
443 2996 531 3070 hunc,
554 2997 660 3070 fateor,
683 2996 734 3055 sed
757 3015 817 3054 non
839 2997 985 3074 lugendus
1009 2996 1147 3070 habetur3

336 3086 448 3162 gaudia
471 3104 541 3144 nam
563 3084 669 3160 pendit
692 3084 762 3143 huic
784 3083 858 3143 bene
880 3104 989 3160 pensus
1013 3103 1104 3143 amor.

202 3175 257 3235 hoc
285 3195 404 3234 carmen
431 3193 490 3233 non
518 3194 553 3233 ex
577 3173 730 3249 epitaphio
755 3174 922 3249 antiquiore
946 3174 1139 3249 descriptum,
1168 3175 1218 3235 sod

201 3266 296 3339 ipsius
320 3265 448 3341 sepulcri
468 3281 558 3322 causa
576 3263 689 3321 fectum
708 3281 771 3321 esse
789 3264 987 3339 temptamina
1006 3262 1109 3321 eadem
1127 3284 1218 3323 manu

202 3352 353 3429 adscripta
385 3354 423 3412 ad
455 3373 482 3412 v.
508 3356 526 3411 2
561 3353 700 3425 ,luminis
731 3354 828 3410 instar
860 3349 962 3410 erant‘
995 3355 1024 3410 et
1057 3353 1095 3411 ad
1127 3374 1154 3413 v.
1176 3356 1217 3413 10

202 3444 330 3520 „gaudia
357 3440 443 3502 cum“
470 3442 584 3501 docent.
631 3443 750 3516 scripsit
782 3459 852 3517 ergo
885 3442 990 3499 auctor
1021 3440 1122 3501 oblato
1155 3446 1216 3518 epi·

202 3533 299 3608 taphii
322 3531 518 3607 componendi
540 3549 671 3603 munere,
690 3529 761 3587 dum
785 3528 958 3606 corrigendo
982 3529 1077 3590 codici
1096 3550 1217 3606 operam

195 3620 257 3691 dat,
280 3624 314 3679 in
335 3622 452 3699 pagina
474 3639 569 3679 uacua
592 3638 703 3693 versus,
727 3620 779 3694 qui
802 3637 861 3676 non
884 3620 982 3677 minus
1006 3637 1096 3693 quam
1119 3640 1217 3679 emen-

175 3704 322 3767 dationes
341 3712 502 3786 plurimae
526 3731 595 3772 eum
620 3710 695 3772 satis
719 3706 871 3769 eruditum
891 3707 982 3767 fuisse
1001 3707 1215 3769 demonstrant.
