2734 4159
211 325 251 381 vl
617 322 824 379 PRAEFATIO

213 494 350 554 doctina
369 495 545 553 consumant
563 492 679 569 aliquid
699 512 734 553 ex
751 490 867 552 Donati
884 491 1133 570 interpretatione
1152 511 1231 553 com-

211 583 295 643 modi
320 582 408 643 hodie
438 601 556 659 quoque
584 583 723 657 capturos
752 599 815 642 esse
843 579 968 641 confido.
1012 579 1148 641 timidius
1175 581 1233 640 1144

212 672 312 732 dicam
335 671 371 732 de
396 671 492 731 altero
515 670 628 730 Donati
651 671 789 746 oonsilio,
818 689 878 745 quo
902 669 974 746 quid
998 669 1103 729 doceat
1125 670 1231 748 Vergi-

212 761 271 820 lius
294 779 355 820 non
378 760 474 821 solum
497 759 533 818 de
555 763 635 819 recte
658 758 780 819 vivendi
797 760 965 835 praeceptis
987 751 1119 839 (41.1,8
1140 761 1231 833 2,18.

214 851 287 911 260.
313 850 342 922 8,
358 851 431 907 364.
458 850 507 927 10,
525 849 597 907 783.
623 852 673 924 11,
690 849 763 907 228.
784 839 863 928 303)
888 848 940 907 sed
964 849 1056 908 etiam
1078 846 1115 907 de
1138 850 1231 908 variis

211 939 369 998 hominum
393 937 507 997 artibus
526 940 556 997 et
574 936 746 997 muneribus
770 939 801 997 41
824 936 860 996 de
882 955 939 997 usu
961 938 1043 996 vitae
1067 929 1231 1018 (41.1,52

215 1029 265 1087 75.
286 1029 315 1103 2,
332 1029 404 1087 741.
425 1031 454 1102 9,
470 1028 543 1085 288.
566 1029 616 1100 10,
633 1027 705 1085 783.
727 1028 777 1102 12,
794 1030 845 1086 91.
866 1028 929 1084 172
950 1028 980 1085 41
997 1044 1128 1102 prooem.
1144 1046 1173 1103 p.
1187 1020 1232 1104 5),

213 1116 249 1176 de
277 1115 334 1175 diis
363 1134 397 1175 ao
425 1117 496 1175 fatis
525 1107 576 1196 (of.
602 1118 631 1192 2,
651 1116 724 1174 213.
754 1116 784 1189 8,
805 1116 877 1173 398.
908 1116 959 1189 10,
974 1116 1048 1174 466.
1076 1118 1127 1188 11,
1143 1108 1232 1197 536),

111 1247 114 1254 ·
211 1204 248 1264 de
269 1224 370 1264 rerum
392 1207 501 1265 natura
524 1198 587 1283 (vel
609 1204 673 1263 loco
697 1204 840 1263 eminenti
864 1204 893 1279 6,
909 1205 972 1263 723
996 1204 1044 1263 vel
1066 1224 1120 1280 per
1143 1222 1233 1265 oooa·

214 1296 329 1354 sionem
350 1299 379 1369 1,
395 1295 467 1353 607.
492 1296 521 1369 4,
537 1295 610 1353 367.
636 1294 664 1367 5,
681 1293 753 1351 738.
780 1295 830 1366 12,
847 1285 925 1374 684)
950 1293 1156 1369 exponendum
1174 1292 1233 1352 sibi

213 1401 276 1443 esse
305 1383 454 1461 opinatur.
499 1381 587 1441 huius
613 1383 729 1461 generis
752 1382 849 1440 multa
871 1382 948 1442 talia
970 1385 1050 1456 sunt,
1072 1383 1106 1440 ut
1128 1384 1233 1459 inepta

213 1471 300 1532 nobis
322 1471 495 1532 videantur:
519 1471 570 1531 sed
591 1471 752 1549 singularis
770 1472 902 1548 ineptiae
921 1471 1074 1530 Donatum
1094 1489 1232 1530 accusare

212 1580 274 1621 non
293 1560 415 1620 audebit
434 1561 489 1636 qui
507 1559 670 1619 attenderit
684 1559 846 1634 Maorobio,
861 1558 965 1620 Servio
985 1560 1111 1636 aliisque
1130 1563 1232 1619 aucto-

212 1649 296 1709 ribus
319 1650 448 1727 Vergilii
471 1648 604 1708 earmina
627 1647 682 1707 illa
706 1650 804 1708 aetate
826 1669 881 1726 pro
904 1649 1044 1709 thesauro
1068 1649 1164 1708 omnis
1185 1667 1232 1708 sa·

212 1740 345 1815 pientiae
374 1741 404 1796 et
432 1738 584 1798 doctrinae
610 1736 715 1796 habita
744 1756 815 1797 4444.
861 1756 931 1797 4144
960 1741 1062 1797 autem
1085 1757 1232 1814 quemque

214 1827 324 1887 aetatis
347 1827 470 1887 modulo
493 1827 594 1885 metiri
611 1828 773 1904 praecipua
791 1827 840 1885 141
858 1829 904 1886 441
921 1828 1072 1887 historiae.
1109 1831 1233 1904 propter

212 1916 394 1977 rhetoricam
421 1916 701 1992 interpretationem
731 1915 868 1992 ineptum
900 1916 1050 1975 homiuem
1080 1916 1232 1975 Donatum

213 2004 349 2083 Heyniua
373 2004 457 2063 dixit.
496 2002 588 2080 quid?
612 2004 750 2080 etiamne,
769 2003 864 2079 credo,
884 2002 1089 2073 Quintilianus
1112 2005 1231 2081 ineptus

212 2094 337 2169 dicetur,
355 2096 409 2170 411
426 2094 590 2152 Homerum
608 2092 746 2152 omnibus
766 2091 952 2169 eloquentiae
976 2093 1112 2170 partibus
1135 2113 1231 2152 exem·

212 2184 298 2260 plum
321 2186 352 2242 et
374 2185 475 2242 ortum
493 2182 609 2242 dedisse
626 2181 782 2257 praedicat
803 2183 1034 2256 14,1,46-51
1052 2183 1231 2258 41.2,17,8.

216 2270 430 2346 12,11,213
475 2274 555 2331 14414
583 2271 702 2347 Heynio
731 2290 758 2329 v.
779 2271 806 2328 d.
825 2270 949 2330 Hoeven
976 2274 1145 2347 temporum
1167 2272 1232 2346 hoc,

213 2379 274 2421 non
287 2361 416 2420 hominis
430 2360 539 2421 vitium
557 2379 620 2420 esse
638 2359 802 2436 respondit.
836 2359 887 2419 sed
905 2379 1012 2435 parum
1029 2360 1106 2418 illud
1120 2360 1233 2437 Heynii

212 2442 367 2531 Hoppio¹)
394 2450 467 2524 fuit,
495 2449 676 2524 „stultitiam
705 2451 735 2508 et
762 2447 1008 2524 perversitatem“
1036 2448 1155 2507 Donato
1184 2469 1232 2508 ex·

213 2539 345 2616 probrat,
368 2538 448 2615 quod
471 2557 696 2613 nonnumquam
718 2539 751 2596 in
773 2556 833 2596 uno
854 2537 919 2598 1444
939 2538 1110 2615 exponendo
1131 2557 1233 2597 eorum

214 2646 292 2704 quae
321 2627 395 2686 alibi
423 2627 503 2704 apud
525 2627 694 2706 Vergilium
722 2628 838 2686 exstent
859 2629 1008 2687 rationem
1030 2647 1090 2687 non
1113 2628 1232 2700 habeat,

214 2716 294 2793 quod
317 2717 381 2793 ipse
405 2715 464 2777 sibi
483 2717 642 2792 aliquoties
660 2735 721 2775 non
740 2718 864 2791 constet,
884 2717 965 2792 quod
983 2717 1231 2793 interpretatione

213 2824 268 2866 sua
290 2805 425 2883 Vergilio
448 2805 578 2881 ineptias
601 2804 753 2883 iniungat:
786 2805 871 2881 41441
894 2825 965 2865 vero
988 2806 1134 2867 eiusmodi
1155 2807 1232 2865 vitia

213 2914 275 2954 non
303 2896 395 2955 etiam
420 2896 452 2952 in
476 2894 573 2953 Servii
596 2896 817 2954 commentariis
841 2897 1010 2955 occurrant!
1057 2894 1234 2971 quidquod

213 3003 249 3043 eo
272 2984 421 3061 procedit,
443 2985 479 3041 ut
502 3001 697 3059 4144411414
720 2983 800 3059 apud
823 2983 990 3057 Donatum,
1014 2983 1040 3044 si
1062 3002 1121 3042 non
1144 2987 1233 3056 recte,

215 3077 248 3133 at
274 3076 376 3132 tamen
404 3074 495 3149 „scite
523 3075 687 3149 arguteque
715 3070 902 3150 excogitata“
934 3074 1125 3131 inveniantur
1155 3092 1232 3147 „non

213 3182 251 3222 41
273 3163 368 3237 ipsius
391 3163 511 3238 ingenio
529 3159 692 3237 profecta“,
711 3160 762 3220 sed
781 3161 818 3221 ab
838 3162 906 3220 aliis
924 3162 1021 3237 petita
1039 3179 1102 3221 4444
1120 3163 1233 3221 iudicet

214 3251 247 3310 in
275 3269 368 3326 eoque
399 3250 583 3325 praeiudicio
615 3253 770 3325 tamquam
802 3250 997 3309 fundamento
1030 3269 1130 3310 omnes
1163 3270 1232 3310 suas

180 3406 184 3411 ,
214 3340 489 3419 argumentationes
518 3341 659 3398 exstruat.
706 3338 762 3397 hoo
794 3358 886 3414 quam
917 3341 1027 3398 temere
1060 3340 1233 3399 conclusum

215 3430 257 3489 sit
283 3429 332 3488 vel
359 3446 418 3487 uno
446 3430 511 3487 loco
536 3431 565 3502 5,
585 3431 603 3487 2
633 3431 806 3504 comparato
829 3427 997 3505 intellegas,
1019 3429 1074 3487 ubi
1095 3428 1232 3489 Donatus

280 3637 311 3699 1)
332 3633 439 3702 Hoppe
462 3632 498 3687 de
517 3632 630 3686 Tiberio
649 3631 768 3686 Claudio
786 3630 897 3685 Donato
916 3631 1055 3687 Aeneidos
1078 3633 1233 3704 interprete

184 3695 373 3769 (1144411414,
396 3704 558 3777 Gottingae
579 3710 659 3761 1891.

567 3969 638 3981 *-
