2734 4159
521 344 704 400 AENEIDOS
722 345 761 399 lv
1087 343 1154 408 409

137 520 210 574 tuae
239 534 291 574 seu
319 516 427 588 falsae,
455 534 509 574 nec
535 518 622 574 teneo
649 518 681 574 te
703 534 758 573 nec
781 533 816 573 ea
840 533 917 590 quae
940 513 1013 573 dicis
1037 512 1156 573 obiectu

139 604 308 680 cuiuspiam
326 604 539 680 disputationis
558 623 703 681 expugno.
740 606 759 672 t,
778 621 895 677 sequere
912 604 1036 662 Italiam
1054 605 1155 671 eeutis,

133 699 199 767 pete
227 712 318 767 repuo
339 710 397 767 per
424 694 536 753 uades:
568 711 651 767 spero
674 694 805 767 equidem
827 693 940 761 mediis,
962 694 989 751 st
1011 691 1082 764 quo
1098 693 1156 765 pie

137 785 263 841 auratae
280 787 414 856 pessunt,
432 784 578 856 supplicia
594 784 760 841 hausurum
778 783 918 856 seopulis:
940 781 1035 840 iratae
1055 783 1155 841 enimc

111 872 241 931 elocuta
265 873 318 944 est,
342 871 393 930 sed
415 872 472 930 tali
495 891 601 949 genere
625 871 774 945 dictionis
793 871 873 946 quod
891 870 966 929 duos
984 870 1155 930 intellectus

139 960 291 1019 admittat.
336 980 429 1018 unum
457 965 502 1020 est
529 980 588 1036 quo
618 980 685 1019 eum
712 963 818 1034 terret,
846 979 882 1018 ne
910 959 1039 1037 naviget.
1086 979 1157 1018 nam

140 1049 222 1125 quod
245 1049 320 1107 dixit
339 1050 358 1123 i,
377 1069 498 1125 sequere
516 1050 637 1108 Italiam
656 1052 764 1124 ventis,
782 1052 850 1124 pete
868 1068 961 1127 regna
980 1068 1033 1125 per
1051 1048 1155 1124 undas,

139 1158 199 1197 non
223 1158 257 1196 ex
281 1140 382 1197 animo
407 1138 537 1213 dicebat3
567 1158 637 1198 nam
661 1138 770 1197 obiecit
792 1138 886 1196 undas
910 1142 941 1196 et
962 1141 1067 1197 ventos
1090 1139 1155 1213 qui·

139 1228 194 1286 bus
222 1232 347 1286 terreret
374 1232 591 1303 properantem.
638 1227 744 1303 quodsi
760 1229 872 1288 animo
901 1227 1050 1286 hortantis
1081 1227 1156 1285 haec

98 1337 124 1375 ιο
140 1317 265 1389 diceret,
296 1317 341 1375 ita
372 1317 476 1375 debuit
506 1317 603 1392 loqui:
640 1316 663 1391 i,
696 1336 830 1392 sequere,
863 1320 930 1392 pete
957 1334 1063 1393 regne,
1095 1335 1155 1375 non
1221 1391 1239 1399 μ

140 1406 316 1482 adiungeret
338 1407 419 1481 quod
441 1408 542 1464 timeri
564 1406 715 1465 debuisset
738 1405 875 1481 quodque
898 1404 1068 1480 inpediente
1097 1406 1156 1483 for·
1236 1482 1237 1486 Ἰ

139 1495 251 1553 midine
287 1500 440 1554 revocaret
476 1496 645 1554 instantem.
698 1495 748 1553 hic
784 1498 830 1554 est
864 1494 1034 1553 intellectus
1066 1495 1156 1553 unius
1201 1546 1202 1549 ,

140 1584 361 1659 disputationis
379 1584 533 1643 videamus
553 1586 606 1659 qui
624 1584 664 1643 sit
682 1584 772 1656 alius3
796 1583 879 1657 bene,
898 1583 1006 1658 inquit,
1020 1585 1155 1660 contigit,
1228 1615 1231 1621 .

141 1673 220 1748 quod
253 1672 452 1732 desideratum
489 1673 648 1749 imperium
679 1672 788 1731 Italiae
825 1673 922 1731 ventis
955 1675 985 1730 et
1016 1672 1155 1731 fluctibus

99 1763 289 1838 repetiturus
318 1781 362 1836 es,
389 1761 503 1822 habebo
533 1764 717 1821 occasionem
742 1781 800 1837 qua
823 1761 935 1837 possim
958 1763 1019 1821 tuis
1042 1762 1155 1837 suppli-

139 1852 193 1910 ciis
221 1851 381 1925 uindicari3
414 1870 499 1927 spero
527 1852 607 1910 enim
633 1855 663 1909 te
694 1850 886 1927 promeritis
909 1851 969 1909 tuis
992 1852 1154 1911 intersco·

138 1941 228 2015 pulos
256 1941 419 1998 hausurum
446 1941 616 1999 innumeras
644 1959 769 2016 poenas,
801 1939 911 2016 idest
938 1942 1090 2014 risurum,
1122 1943 1164 2003 ut⁴

140 2030 199 2087 alio
228 2030 293 2088 loco
323 2022 418 2110 (661)
448 2029 587 2104 „hauriat
613 2030 692 2088 hunc
720 2030 812 2089 oculis
839 2031 941 2106 ignem
967 2028 1094 2087 erudelis
1118 2028 1156 2088 ab

140 2119 202 2177 alto
231 2118 418 2191 Dardanus“,
449 2120 505 2179 boc
533 2122 579 2178 est
606 2119 715 2177 videat.
762 2122 788 2177 et
815 2120 931 2177 uomtue
958 2118 1039 2176 Dido
1070 2135 1156 2191 saepe

97 2228 125 2265 so
139 2213 323 2266 conaturum:
358 2212 443 2280 tunc,
471 2208 528 2281 ait,
554 2207 757 2267 recordaberis
783 2208 842 2265 mei
870 2211 900 2265 et
927 2226 1034 2265 nomen
1057 2227 1157 2265 meum

139 2298 251 2355 frustra
274 2298 461 2372 frequentius
483 2301 608 2373 repetes,
627 2296 746 2371 quando
769 2296 826 2354 tibi
849 2295 986 2355 concluso
1011 2295 1155 2354 discrimi-

139 2406 209 2443 num
242 2391 327 2445 coetu
355 2388 490 2461 exemplo
517 2388 625 2462 prioris
657 2385 875 2444 benivolentiae
908 2385 1064 2443 subvenire
1096 2404 1156 2443 non

139 2479 252 2551 potero.
306 2494 413 2548 sequar
445 2478 518 2535 atris
549 2477 665 2550 tyrridas
702 2476 820 2545 ebreus:
860 2473 1072 2551 imaginaberis
1109 2492 1156 2532 me
1183 2528 1186 2534 .

140 2564 306 2622 absentem:
337 2566 477 2639 quesite
501 2564 616 2624 fecibus
639 2582 803 2640 persequar
825 2581 972 2639 praesens.
1010 2563 1153 2621 hocloco

97 2671 125 2711 ss
141 2652 293 2711 absentem
317 2654 370 2711 elii
393 2657 542 2712 mortuam
564 2654 670 2712 volunt
694 2657 724 2710 et
745 2652 819 2710 dant
837 2652 971 2727 exempla
990 2650 1155 2728 inproprie,

140 2746 257 2799 utnon
281 2761 349 2816 uno,
373 2743 423 2801 sed
447 2743 584 2818 plurimis
608 2742 682 2800 locis
708 2741 870 2818 probentur
897 2759 1003 2800 errare.
1046 2737 1156 2803 'horum

138 2834 274 2906 primum
299 2836 344 2891 est
372 2824 416 2909 (9,
437 2824 515 2911 215)
547 2830 681 2905 „absenti
714 2832 792 2889 ferat
823 2831 945 2889 inferias
978 2829 1155 2905 decoretque
1220 2826 1223 2830 ’
1255 2825 1279 2831 ”

140 2920 327 2995 sepulchro“3
364 2940 433 2977 nam
462 2923 492 2978 et
518 2920 582 2978 illic
609 2919 763 2978 absentem
790 2923 941 2978 mortuum
968 2918 1155 2997 intellegunt.

140 3029 266 3084 quorum
290 3028 403 3067 errores
427 3011 581 3085 sequentia
603 3008 745 3084 probant,
769 3027 839 3066 nem
863 3009 997 3083 sequitur
1020 3013 1058 3077 et,
1081 3013 1208 3067 cumtdb

97 3118 125 3157 so
138 3099 251 3172 fripidu
278 3115 357 3156 ruore
385 3101 486 3156 auimo
510 3100 657 3156 seduxerit
679 3101 776 3166 artus,
804 3098 936 3155 orrruibus
959 3098 1065 3156 urubra
1088 3098 1157 3155 tocie

140 3187 243 3245 edero:
267 3206 333 3244 cum
353 3190 433 3259 viva
451 3187 559 3262 inquit,
576 3186 697 3245 timebis
720 3206 767 3244 me
792 3186 944 3245 absentem
964 3190 1002 3258 et,
1021 3187 1107 3262 quasi
1125 3189 1156 3244 te

139 3276 250 3334 infesta
277 3295 451 3352 persequar,
479 3294 595 3350 semper
622 3278 652 3333 et
678 3274 790 3350 ubique
820 3274 976 3334 terreberis
992 3320 1155 3333 ........

327 3365 420 3424 Deest
441 3366 652 3440 interpretatio
675 3382 768 3439 usque
793 3365 831 3422 ed
855 3384 881 3422 v.
898 3366 971 3421 621.

211 3526 226 3568 3
246 3519 379 3585 etquidem
393 3517 446 3569 th
461 3534 528 3570 corr.
539 3534 560 3568 r.
617 3522 649 3569 13
669 3517 737 3584 quid
755 3518 791 3569 stt
805 3513 857 3568 LR
876 3517 937 3583 quis
950 3533 970 3570 s.
986 3534 1000 3568 r
1015 3517 1057 3569 ed.
1073 3518 1121 3585 qui
1134 3535 1155 3571 s.

138 3606 196 3643 nos.
264 3594 296 3640 lb
315 3590 399 3643 habeo
417 3589 449 3641 R.
516 3594 549 3640 16
568 3588 710 3642 eiudr'cerr'
727 3587 780 3640 LR
798 3588 898 3641 laetari
916 3586 960 3639 ed.
1030 3593 1063 3640 18
1082 3605 1157 3642 uuuc

139 3659 199 3723 Lu,
220 3660 269 3711 sed
289 3665 338 3712 661
358 3662 438 3714 huuc.
499 3665 532 3712 22
552 3660 668 3729 eeeurplr‘
686 3658 739 3713 Lu
757 3660 879 3729 concupio
894 3657 920 3711 {i
942 3657 991 3711 eb.
1047 3663 1090 3707 tu
1105 3660 1172 3729 uiuo

137 3729 191 3781 Lu
209 3737 316 3783 reortua
330 3734 412 3798 fuero
431 3732 473 3787 ed.
544 3737 578 3786 32
597 3735 666 3804 post
684 3734 832 3791 terreberis
849 3731 885 3785 'sn
896 3730 930 3784 ‘is
944 3726 1087 3782 tobim
1101 3735 1194 3787 We·
