2734 4159
594 322 776 379 AENEIDOS
795 325 807 379 I
1165 322 1208 389 53

194 496 240 553 tot
266 492 372 553 funera
398 495 496 570 passis
523 497 646 553 cunctus
673 492 711 552 ob
739 493 862 552 Italiam
884 497 1031 553 terrarum
1059 492 1209 552 clauditur

194 582 286 660 orbis,
320 581 400 659 quod
431 582 470 641 ad
496 581 528 640 id
554 581 713 661 redigitur,
745 586 779 641 ut
805 601 859 641 nec
886 581 1067 642 consistendi
1099 582 1208 642 alicubi

194 671 332 732 Troianis
358 674 491 748 potestas
519 670 559 731 sit
585 690 640 731 nec
663 670 702 730 ad
723 670 846 730 Italiam
867 671 1068 748 perveniendi.
1114 675 1208 730 terra-

191 782 259 820 rum
292 759 440 820 clauditur
469 760 561 820 orbis:
598 780 666 821 cum
693 764 833 838 negatur,
865 762 975 837 inquit,
1008 762 1101 820 totius
1129 760 1208 821 orbis

166 853 275 913 eterra
297 868 351 909 nec
375 848 414 909 ad
435 849 558 909 ltaliam
580 849 719 909 veniendi
741 853 874 926 potestas
899 853 957 927 est,
980 849 1053 927 quid
1075 855 1209 926 superest

191 938 251 998 nisi
278 941 314 998 ut
339 938 372 997 in
398 938 536 998 fluctibus
564 958 680 1015 semper
708 937 917 1016 exagitentur?
963 944 1036 998 certe
1061 940 1129 997 hinc
1151 939 1210 998 Ro-

189 1044 295 1088 manos
323 1029 392 1086 olim
418 1029 596 1087 volventibus
619 1029 716 1097 anna,
739 1029 806 1087 liar
827 1030 891 1101 soro
913 1029 1044 1087 cacare
1066 1033 1258 1087 roccarossa

191 1136 211 1176 a
234 1119 380 1190 sanquine
404 1118 509 1175 Teucri
531 1120 582 1190 qai
604 1135 695 1186 mare,
719 1119 769 1190 qai
792 1121 886 1176 terras
909 1119 988 1176 omui
1006 1119 1117 1177 dicione
1136 1121 1209 1176 tene-

190 1210 256 1264 rent
269 1206 435 1279 pollicitus:
454 1206 594 1265 convenit
612 1225 680 1265 eum
699 1225 734 1264 ex
752 1205 810 1265 fide
828 1206 937 1265 veteris
955 1206 1105 1283 promissi,
1118 1206 1210 1277 immo

151 1317 178 1358 rc
193 1296 297 1371 potius
325 1297 466 1371 antiquae
493 1294 729 1371 pollicitationis.
774 1299 862 1371 turpe
890 1300 934 1355 est
962 1296 1041 1354 enim
1071 1294 1210 1355 decedere

193 1384 232 1442 de
264 1383 335 1458 fide,
366 1384 573 1460 turpissimum
605 1383 699 1443 cuivis
732 1384 842 1443 dictam
874 1388 990 1444 mutare
1023 1384 1211 1458 sententiam,

194 1476 309 1549 quanto
337 1474 434 1552 magis
462 1474 584 1533 deorum
608 1476 638 1532 et
660 1473 815 1532 hominum
837 1474 915 1552 regi,
943 1473 995 1551 qui
1022 1493 1108 1533 omne
1133 1472 1211 1548 quod

193 1562 340 1638 loquitur,
364 1562 443 1639 quod
466 1561 592 1638 spondet
616 1562 781 1621 sententiae
803 1562 931 1622 retinere
955 1562 1062 1621 debeat
1085 1561 1211 1639 pondus,

194 1651 246 1709 vel
274 1650 402 1710 maxime
429 1654 460 1710 in
489 1670 524 1710 ea
552 1670 641 1711 causa
668 1651 701 1709 in
728 1670 788 1728 qua
814 1650 895 1709 filiae
923 1656 953 1711 et
975 1652 1093 1728 nepotis
1114 1655 1211 1711 verte-
1259 1654 1262 1661 ’

151 1740 286 1805 rebatur
304 1740 498 1800 commodum.
532 1741 667 1817 sequitur
684 1758 759 1813 qaue
774 1745 807 1809 te,
819 1744 940 1814 renitor,
955 1744 1095 1801 sententia
1108 1742 1211 1799 tertii?

193 1828 298 1907 posuit
320 1833 388 1906 post
410 1829 489 1907 regis
513 1849 621 1888 nomen
644 1829 736 1888 etiam
759 1829 869 1906 patris,
896 1834 931 1889 ut
953 1835 1098 1908 appareat
1124 1830 1211 1888 illum

193 1917 349 1994 publicam
380 1918 590 1995 privatamque
622 1937 782 1995 personam
810 1919 989 1978 retinentem
1017 1940 1077 1979 non
1105 1919 1211 1978 debere

194 2007 300 2082 aliqua
323 2007 465 2083 perfidiae
487 2008 707 2083 permutatione
729 2007 890 2068 transduci.
933 2008 1088 2069 ordinatur
1111 2012 1211 2067 autem

194 2114 301 2155 sensus
323 2096 381 2155 hoo
403 2097 504 2155 modo:
538 2100 617 2156 certe
639 2097 709 2155 hinc
731 2097 882 2158 Romanos
905 2095 1092 2157 volventibus
1117 2098 1211 2173 annis,

146 2209 177 2249 ao
194 2185 251 2262 qui
269 2204 361 2260 mare,
380 2185 432 2261 qui
449 2189 545 2244 terras
563 2189 703 2245 revocato
727 2205 756 2248 a.
768 2188 912 2263 sanguine
931 2187 1037 2245 Teucri
1063 2186 1144 2245 omni
1167 2186 1211 2244 di-

192 2275 280 2334 cione
300 2276 445 2348 tenerent,
464 2275 537 2333 olim
555 2275 715 2350 pollicitus.
747 2280 886 2335 revocato
907 2296 923 2334 a
943 2276 1085 2353 sanguine
1104 2276 1211 2334 Teucri

192 2363 271 2437 ideo,
291 2363 433 2438 quoniam
452 2363 564 2422 Teucer
581 2364 676 2423 Italus
695 2367 873 2440 pervenerat
890 2365 928 2423 ad
947 2364 1069 2424 Troiam
1089 2364 1211 2440 eiusque

193 2453 343 2529 originem
372 2472 406 2512 eo
433 2453 598 2512 redituram
624 2453 778 2529 pollicitus
810 2454 908 2512 fuerat
934 2452 1078 2530 Iuppiter.
1123 2454 1213 2529 polli-

192 2544 273 2601 citus
296 2541 407 2617 inquit3
430 2540 663 2618 pollicitationes
682 2542 761 2600 enim
779 2546 882 2601 tenent
900 2541 1074 2617 debitorem,
1093 2544 1210 2602 etiamsi

143 2653 175 2695 ss
191 2630 274 2689 nolit
296 2631 445 2707 exolvere,
474 2633 621 2705 promissa
644 2650 715 2690 vero
743 2632 774 2689 in
798 2629 922 2690 arbitrio
946 2633 1015 2690 sunt
1036 2633 1136 2708 posita
1158 2651 1210 2691 vo-

191 2719 284 2778 lentis
310 2719 358 2778 vel
381 2719 482 2778 inviti:
515 2720 640 2796 proinde
663 2722 813 2779 tractatur
835 2724 939 2780 contra
961 2720 1209 2796 pollicitationem

187 2827 252 2867 non
285 2807 389 2866 debere
422 2810 602 2867 intervenire
630 2809 799 2885 perfidiam,
831 2810 880 2869 vel
907 2810 1035 2869 maxime
1063 2810 1094 2868 in
1123 2829 1209 2887 prae-

189 2897 270 2957 senti
295 2915 384 2956 causa
407 2898 439 2955 in
462 2917 522 2974 qua
543 2917 673 2973 persona
692 2897 816 2957 deorum
834 2900 913 2977 regis
933 2902 1018 2972 esset,
1038 2901 1121 2959 cuius
1140 2918 1210 2958 con-

189 2984 332 3045 veniebat
354 2986 444 3045 fixam
468 3006 531 3046 esse
554 2987 742 3061 sententiam,
761 3007 798 3046 ne
817 2989 896 3064 quod
914 2992 959 3047 est
977 2990 1056 3047 inter
1073 2990 1212 3048 homines

142 3099 173 3139 sc
188 3079 279 3151 turpe
309 3075 433 3150 aequius
460 3076 696 3151 reprehendatur
722 3076 754 3134 in
782 3096 817 3135 co
841 3078 892 3153 qui
916 3076 1038 3136 deorum
1061 3081 1092 3136 et
1113 3078 1207 3135 homi-

188 3184 263 3223 num
281 3166 398 3222 teneret
420 3165 631 3240 principatum.
668 3166 792 3224 verbum
816 3166 908 3225 vertit
931 3171 1082 3242 sumptum
1105 3170 1149 3226 cst
1173 3186 1206 3225 ex

263 3352 375 3420 lqaod
398 3354 436 3406 od
459 3353 560 3406 til-4
578 3353 721 3407 clauditur
744 3354 817 3408 orbis
840 3370 892 3407 om.
917 3352 943 3406 a
971 3353 1035 3406 add.
1059 3354 1089 3406 in
1117 3370 1205 3423 marg.

188 3422 330 3477 secundus
349 3425 488 3477 corrector
507 3421 557 3492 (r').
613 3429 691 3476 4-5
711 3426 796 3478 totius
814 3426 888 3479 orbis
905 3431 979 3479 terro
997 3423 1049 3477 LR
1068 3422 1116 3478 edI
1135 3430 1207 3479 totas

188 3495 263 3549 orbis
282 3501 417 3549 terrarum
437 3495 502 3548 edl'.
583 3500 598 3548 9
618 3512 678 3548 eom
697 3494 749 3548 LR
768 3496 799 3549 id
817 3495 860 3550 ed.
946 3501 977 3549 12
998 3513 1074 3551 ciriae
1091 3495 1144 3549 LR
1162 3497 1205 3549 ed.

187 3568 221 3620 in
239 3567 332 3620 omui?
388 3571 420 3618 13
440 3566 516 3621 debet
534 3566 576 3619 ed.
633 3570 665 3618 19
685 3572 797 3621 certe-
808 3572 840 3620 21
852 3567 995 3635 pollicitus
1012 3569 1117 3621 temere
1135 3571 1204 3620 mut.

189 3637 233 3691 ed.
325 3642 360 3689 22
378 3638 633 3707 Italae-eiusque
652 3654 733 3690 carru
753 3636 777 3691 it
796 3638 840 3692 cd.
929 3642 964 3691 ‘28
982 3638 1099 3693 &crum
1111 3638 1173 3689 lm
1189 3647 1220 3690 et

186 3708 329 3762 lio-minam
347 3708 410 3761 add.
428 3708 459 3761 r'.
534 3715 567 3765 31
590 3708 733 3768 teneretlr
784 3711 829 3769 cd.
848 3716 943 3769 areta
