2734 4159
590 358 773 414 AENEIDOS
792 358 817 411 V
1152 358 1216 421 421

202 529 258 587 hoc
282 531 327 586 est
350 528 480 587 breviter
502 529 633 601 loeutus,
656 526 762 586 deinde
785 528 915 600 coiliuere
938 545 1023 586 arua
1045 528 1271 587 tumbali-15

204 620 305 689 dieque
328 618 491 675 incumbere
513 620 609 676 remis.
655 618 687 674 in
711 616 764 675 illo
788 615 867 674 enim
890 618 1023 675 omnium
1045 620 1128 675 metu
1151 635 1219 675 con-

202 707 271 765 silia
299 708 400 781 potius
427 707 547 764 fuerant
575 705 744 765 adhibenda
771 724 862 780 quam
892 704 991 762 verba.
1036 705 1120 765 iubet
1151 706 1219 765 vela

202 796 317 872 colligi,
349 796 405 853 hoc
437 797 481 855 est
513 795 656 869 breviari3
695 813 778 853 arma
806 796 886 852 enim
918 794 994 851 dixit
1025 795 1105 869 vela,
1138 793 1219 869 quod

174 887 299 959 eipsum
332 886 487 959 sequentia
514 883 628 943 docent.
675 885 720 943 ait
748 885 827 941 enim
855 883 1022 958 validisque
1049 883 1218 942 incumbere

201 976 299 1047 remis,
318 977 353 1031 ut
371 974 538 1031 niterentur
556 974 645 1031 remis
665 975 769 1031 contra
787 973 849 1031 vim
863 974 1050 1047 tempestatis
1065 974 1096 1031 et
1109 972 1217 1050 pelagi.

202 1063 282 1136 quod
305 1062 381 1119 dixit
405 1063 543 1139 colligere
568 1080 652 1121 arma
670 1062 792 1138 exponit
811 1062 882 1136 quid
903 1062 1016 1119 factum
1034 1061 1075 1119 sit
1093 1060 1217 1119 dicendo

201 1153 383 1224 obliquatque
405 1154 490 1210 ciuus
512 1154 545 1210 e'u
567 1155 693 1209 ueutuur.
738 1151 794 1209 hoc
817 1150 864 1223 fit,
888 1168 955 1208 cum
978 1151 1088 1208 nimius
1112 1152 1217 1210 ventus

201 1243 258 1298 est:
282 1259 352 1297 nam
376 1240 558 1318 colliguntur
581 1240 715 1299 velorum
738 1240 821 1298 sinus
841 1241 870 1298 et
890 1237 1067 1297 admodum
1085 1257 1217 1298 necessa-

159 1352 186 1390 10
200 1330 278 1386 rium
301 1328 489 1405 breviantur3
512 1329 565 1387 ubi
588 1331 690 1387 autem
713 1330 853 1404 oportuni
877 1331 946 1387 sunt
968 1328 1067 1402 flatue,
1092 1329 1217 1388 resoluti

200 1418 373 1492 panduntur
395 1420 460 1493 ipso
485 1419 608 1477 docente
627 1417 775 1495 Vergilio:
799 1417 859 1476 alio
883 1415 963 1476 enim
985 1418 1051 1476 loco
1075 1409 1120 1498 (3,
1138 1410 1216 1498 520)

200 1508 244 1564 ait
276 1510 323 1580 „et
354 1508 488 1566 velorum
522 1506 682 1582 pandimus
716 1504 805 1565 ales“.
852 1506 1006 1581 obliquare
1038 1507 1113 1565 velis
1146 1525 1216 1566 vero

199 1596 280 1654 sinus
304 1596 336 1653 in
358 1601 480 1655 ventum
504 1601 625 1655 estnec
649 1595 745 1653 omnis
768 1594 856 1654 flatus
880 1597 1014 1671 excipere
1042 1614 1095 1654 nec
1121 1596 1215 1654 omnis

199 1685 362 1758 effundere,
389 1687 424 1743 ut
451 1702 521 1761 pars
549 1686 626 1744 esset
654 1686 794 1761 congesta
821 1704 875 1761 per
898 1686 994 1758 sinus,
1021 1704 1090 1759 pers
1119 1686 1215 1743 ventis

157 1797 184 1835 15
198 1795 251 1849 pro
285 1774 438 1832 commodo
469 1773 652 1847 traderetur,
684 1792 775 1848 quam
803 1773 866 1849 ipse
895 1774 1076 1851 gubernator
1102 1773 1215 1833 librans

199 1883 286 1923 auras
316 1866 464 1938 exciperet
491 1865 546 1922 aut
572 1865 691 1922 vitaret.
738 1880 805 1920 cum
833 1862 906 1921 haec
934 1862 1058 1922 dixisset
1081 1864 1111 1921 et
1134 1863 1216 1921 facta

199 1956 308 2026 essent,
337 1955 538 2027 uuuuouime,
565 1953 678 2027 inquit,
706 1950 822 2019 Aeueu,
850 1968 910 2010 uou
936 1954 964 2011 ei
985 1953 1058 2011 mibi
1080 1952 1216 2025 Iuppiter

198 2047 299 2100 auctor
322 2042 471 2115 spoudeut,
493 2043 545 2100 hoe
566 2057 678 2115 sperem
701 2040 825 2100 Italiam
849 2043 1011 2114 coutiuuere
1029 2042 1121 2099 caelo:
1144 2041 1215 2101 licet

198 2132 297 2188 omnia
320 2130 442 2189 turbata
465 2133 526 2189 sint
548 2148 602 2188 nec
621 2130 717 2188 maria
741 2129 894 2189 evidenter
916 2132 1075 2188 cernantur
1099 2133 1152 2189 aut
1176 2132 1214 2189 si-

155 2242 183 2280 eo
197 2219 280 2293 dera,
309 2219 417 2294 quibus
446 2220 521 2277 caeli
548 2220 655 2296 plagae
683 2237 761 2295 pura
784 2218 1020 2278 consideratione
1043 2221 1213 2298 noscuntur,

196 2311 298 2365 tamen
324 2310 357 2365 in
384 2308 430 2366 his
458 2309 594 2384 partibus
622 2326 684 2367 esse
707 2307 830 2366 Italiam
858 2327 977 2384 sperare
1000 2326 1060 2366 non
1082 2326 1213 2383 possum,

196 2413 250 2453 nec
273 2399 299 2453 si
321 2397 396 2453 mihi
418 2398 474 2455 hoo
496 2398 595 2472 ipsum
618 2400 724 2455 auctor
746 2397 883 2473 Iuppiter
905 2396 1062 2472 spondeat,
1089 2397 1146 2456 hoc
1168 2401 1215 2457 est-

197 2486 223 2541 si
250 2485 325 2542 mihi
352 2504 491 2561 praesens
514 2486 651 2562 Iuppiter
678 2486 759 2544 dicat
782 2487 815 2542 in
838 2486 884 2545 his
907 2485 1043 2561 partibus
1066 2504 1128 2544 esee
1151 2487 1212 2546 Ita-

196 2573 276 2646 liam,
300 2574 388 2632 fidem
412 2575 438 2632 ei
461 2574 569 2634 habere
592 2594 652 2633 non
675 2593 804 2649 possum.
842 2577 947 2633 mutuli
967 2579 1137 2634 truueuersu
1154 2578 1213 2649 fre-

153 2684 181 2724 re
196 2665 279 2720 uuut
306 2668 332 2721 et
357 2681 473 2735 uespere
500 2665 536 2723 ab
565 2668 629 2723 uiro
657 2668 836 2737 eousurpuut
857 2666 948 2723 ueuii:
979 2682 1039 2722 non
1061 2665 1120 2740 ipsi
1143 2667 1266 2725 smero

195 2752 277 2809 venti
311 2754 363 2827 qui
394 2754 528 2827 fuerunt,
560 2754 764 2811 successerunt
791 2772 861 2812 vero
890 2754 1046 2827 contrarii,
1079 2755 1132 2828 qui
1158 2772 1212 2813 noe

195 2842 227 2898 in
249 2844 451 2900 transversum
474 2841 595 2901 ducunt.
637 2844 723 2915 utque
745 2843 779 2901 a‘u
800 2842 906 2900 uubeue
929 2843 1041 2914 cupitur
1063 2860 1122 2901 uer.
1161 2860 1213 2903 uec

194 2948 247 2987 uos
275 2932 366 2990 obuiii
393 2935 494 2989 eouiru
520 2948 572 2990 uec
598 2930 714 2989 teudere
741 2934 855 2989 iuuiuru
877 2931 1056 3003 sufficimus:
1092 2937 1213 3004 superui

194 3022 333 3091 quouiuru
351 3022 480 3092 foriuua,
495 3037 667 3092 sequautur:
684 3020 837 3095 maiorem,
851 3020 960 3095 inquit,
975 3020 1037 3078 vim
1055 3020 1211 3080 renitendo

153 3129 180 3169 eo
194 3126 333 3183 superare
357 3128 417 3167 non
439 3127 604 3184 possumus,
627 3110 770 3185 quoniam
794 3108 918 3168 adversa
942 3109 1157 3168 convaluerunt
1181 3112 1211 3168 et

194 3217 248 3271 pro
273 3217 339 3256 aere
363 3217 438 3273 puro
462 3198 555 3256 nubes
574 3198 655 3257 solae
674 3201 848 3258 cernuntur:
872 3217 1032 3274 sequamur
1049 3199 1211 3273 fortunam,

265 3390 280 3437 5
301 3386 453 3439 incumbere
471 3385 522 3437 LR
542 3385 591 3438 edI
608 3386 755 3439 incumbite
774 3385 857 3439 edl'l.
945 3390 960 3439 8
979 3392 1088 3440 acutum
1107 3386 1159 3439 LR
1178 3404 1211 3441 uc

193 3456 263 3508 talia
282 3457 361 3521 futur
380 3456 444 3509 add.
465 3457 507 3509 ed.
530 3457 533 3527 l
556 3457 663 3523 uimfus
680 3455 702 3507 L
721 3457 801 3522 uifue
818 3456 843 3509 R
861 3458 965 3510 uimiue
983 3475 998 3509 r
1015 3457 1058 3511 ed.
1134 3463 1166 3511 12
1186 3466 1211 3513 et

193 3543 245 3578 om.
266 3528 308 3579 ed.
340 3528 344 3598 l
376 3528 532 3597 puuderuue
550 3527 603 3580 LR
621 3543 690 3581 corr.
709 3544 731 3580 r.
762 3530 766 3597 Ι
801 3528 877 3582 eeuc‘e
895 3544 956 3582 uero
975 3527 1001 3579 R
1023 3530 1099 3583 ueue'e
1122 3529 1210 3583 delr

191 3598 418 3658 nonhabentL
438 3599 565 3654 educite
588 3615 639 3653 nos
662 3598 714 3668 (eie
737 3605 828 3652 autem
849 3598 934 3652 tertio
958 3598 1019 3653 loco
1044 3606 1068 3666 6,
1084 3604 1155 3670 668).

191 3672 341 3792 memsuis
363 3670 392 3722 in
416 3676 524 3723 ceritum
549 3686 617 3723 corr.
638 3670 658 3722 L
682 3675 778 3725 ocutus
802 3669 828 3722 a
848 3677 963 3723 ueritum
981 3688 1011 3723 x.
1099 3676 1141 3720 ‘aa
1159 3670 1228 3717 eea&-

263 3757 279 3793 o
297 3756 313 3793 e
334 3784 338 3793 .
1111 3771 1112 3774 =
