2734 4159
584 314 766 370 AENEIDOS
785 316 798 368 I
1137 314 1200 378 105

184 489 307 565 augeret
343 485 584 558 admirationem,
620 485 800 560 iustitiaque¹
834 484 916 543 dedit
952 486 1050 561 gentis
1083 484 1201 543 frenare

183 575 335 651 superbas,
357 575 414 658 lroo
437 577 483 633 est
505 575 600 633 solam
626 578 657 633 te
686 577 813 649 apparet
839 573 944 632 florere
971 574 1103 651 iustItia3
1130 593 1202 635 nam

182 684 236 740 pro
259 664 352 723 frenis
376 665 530 738 aequitate
554 667 663 739 certas,
692 666 727 721 ut
748 682 836 740 regas
858 664 993 723 homines
1017 663 1125 738 quibus
1148 681 1200 738 pa·
1281 711 1284 720 .

182 754 268 813 rendi
304 754 437 812 studium
472 755 582 811 natura
620 755 818 829 spontaneum
856 752 1024 829 denegavit.
1083 753 1202 811 frenare
1217 735 1279 868 sps

159 848 284 902 sautem
321 862 390 901 curn
427 842 512 917 dicit,
549 842 681 901 ostendit
716 842 836 918 plenam
869 843 1004 919 gentium
1035 842 1201 916 feritatem
1218 841 1290 927 -fpd's

184 950 387 1008 quaecumque
411 933 490 990 enim
513 950 573 989 non
595 933 792 991 succumbunt
809 931 936 1006 imperio
954 930 1083 989 hominis
1102 932 1226 1003 freno-j*
1246 931 1260 944 ⁹

182 1042 249 1079 rum
277 1023 427 1096 potestate
455 1021 636 1098 franguntur
659 1024 689 1079 et
713 1023 860 1096 coguntur
882 1021 979 1078 invita
1003 1021 1101 1079 facere
1123 1038 1201 1094 quae

184 1112 290 1186 sponte
314 1129 373 1167 non
397 1113 511 1168 curant.
557 1112 589 1167 in
611 1109 782 1168 hominibus
806 1112 910 1167 contra
933 1111 990 1167 est:
1014 1108 1049 1166 fit
1072 1107 1201 1166 deterior

183 1200 230 1258 cui
260 1201 452 1274 extorquetur
480 1202 584 1257 contra
611 1202 752 1257 naturam
780 1199 860 1274 quod
888 1200 971 1257 nasci
998 1216 1058 1256 non
1080 1198 1200 1270 meruit,

147 1290 257 1347 1omali
279 1289 413 1347 homines
436 1308 496 1346 non
519 1287 651 1364 paribus,
674 1288 726 1348 sed
750 1286 908 1348 contrariis
931 1290 1122 1363 superantur,
1145 1287 1200 1344 hu·

182 1380 329 1436 monitate
361 1377 476 1437 scilicet
502 1396 535 1436 re
555 1379 634 1448 entis
662 1380 693 1435 et
719 1377 890 1459 uoluntate,
922 1394 997 1451 quas
1024 1377 1056 1433 in
1083 1374 1200 1434 Didone

182 1467 274 1526 fiiisse
299 1467 420 1544 collegit
443 1467 680 1541 sapientissimus
699 1466 840 1540 Ilioneus,
859 1468 910 1541 qui
933 1464 1132 1541 vituperando
1155 1465 1200 1523 in·

183 1557 264 1615 colas
288 1559 318 1613 et
340 1556 570 1614 inhumanitatis
594 1556 745 1633 arguendo
764 1554 908 1614 laudabat
927 1574 993 1613 eam
1012 1556 1095 1613 cuius
1113 1554 1201 1613 bene·
1271 1549 1277 1562 “

182 1645 251 1703 ficia
269 1645 449 1719 requirebat.
486 1663 552 1703 ecce
570 1646 646 1703 facit
664 1644 703 1702 ad
720 1647 907 1720 praesentem
927 1663 1047 1704 causam
1067 1646 1097 1701 et
1115 1644 1202 1703 docet

144 1753 167 1793 15
184 1734 433 1809 quemadmodum
461 1734 499 1791 ad
526 1734 723 1793 humanitatis
751 1735 847 1808 partis
874 1733 1050 1811 redigantur
1078 1735 1109 1791 et
1130 1735 1201 1791 reti-

182 1827 313 1881 neantur
339 1824 466 1898 imperio
495 1823 603 1898 quibus
631 1823 813 1898 obsequendi
840 1824 972 1881 studium
1000 1825 1111 1881 natura
1141 1842 1201 1881 non

184 1912 302 1970 tribuit.
346 1915 491 1986 quantum
514 1912 553 1970 ad
575 1911 810 1972 benivolentiam
834 1913 924 1971 ducta
947 1915 993 1971 est
1016 1910 1064 1970 oui
1088 1911 1202 1969 dictum

183 2004 241 2061 est:
276 2001 356 2076 quod
383 2002 437 2059 alii
462 1997 569 2104 ipsuis?
577 2002 716 2078 inpositis
739 2003 878 2059 nituntur
901 2001 1017 2059 efficere
1039 2003 1074 2058 tu
1096 2000 1200 2057 huma·

182 2093 279 2149 nitate
308 2091 428 2165 conples
456 2081 630 2175 etp'erficis
657 2090 795 2149 lenitate!
841 2091 1057 2167 principiorum
1083 2091 1201 2148 ratione

140 2200 168 2241 ao
183 2182 332 2254 confecta,
371 2179 477 2254 quibus
509 2180 646 2238 laudavit
677 2181 813 2258 reginam
846 2182 877 2237 et
907 2179 1071 2237 incolarum
1105 2197 1201 2237 mores

183 2271 385 2343 ferociamque
413 2270 500 2346 gravi
526 2269 642 2328 invidIa
668 2268 816 2346 perfudit,
839 2287 924 2327 suam
948 2268 1050 2327 debuit
1072 2287 1201 2346 purgare

183 2377 356 2436 personam,
389 2377 465 2433 quae
492 2359 633 2435 purgatio
661 2358 700 2416 ad
727 2358 760 2416 id
786 2360 955 2432 revocatur,
987 2378 1024 2415 ne
1051 2360 1129 2417 iuste
1156 2359 1200 2416 vi·

183 2448 312 2505 deantur
333 2449 414 2523 passi
437 2448 620 2506 violentiam.
669 2448 759 2506 Troes
782 2451 808 2504 le
830 2450 943 2506 neunt:
974 2466 1064 2521 quam
1088 2448 1147 2505 cito
1172 2450 1202 2505 et

183 2556 275 2612 quam
299 2536 451 2595 evidenter
474 2538 619 2612 expressit
642 2538 673 2594 et
695 2554 854 2611 personam
878 2538 908 2594 et
935 2537 1089 2593 fortunam
1116 2554 1202 2594 suam

140 2646 168 2686 25
184 2629 214 2684 et
247 2626 309 2685 eius
342 2626 501 2700 specialem
533 2625 781 2703 significationem
814 2644 905 2700 quam
936 2624 1075 2702 rogabat!
1123 2624 1200 2699 quod

184 2717 285 2773 autem
314 2714 358 2772 ait
385 2716 500 2789 miseri,
529 2714 683 2773 ostendere
711 2714 811 2773 voluit
837 2714 960 2773 miseros
988 2714 1065 2772 nihil
1093 2713 1201 2772 audere

182 2806 316 2882 potuisse
334 2805 383 2862 vel
401 2821 487 2880 posse
507 2804 586 2879 quod
606 2804 769 2862 commodis
787 2803 914 2862 Didonis
934 2802 1074 2861 officeret.
1109 2805 1201 2863 uectis

182 2896 282 2951 moria
300 2895 399 2952 omnia
418 2896 489 2951 vecti
506 2910 635 2961 oramus,
654 2894 690 2950 ut
709 2895 867 2968 appareret
885 2892 954 2950 illos
973 2890 1012 2949 ad
1029 2892 1083 2950 illa
1101 2893 1192 2950 litora
1203 2891 1255 2941 525

182 3002 243 3039 non
266 2985 382 3057 sponte,
405 2981 456 3040 sed
479 2983 655 3041 necessitate
679 3000 742 3042 esse
766 2981 888 3040 delatos.
926 2998 992 3039 ecce
1014 2982 1114 3038 totum
1136 2980 1200 3038 bre-

137 3093 167 3133 so
182 3072 262 3130 vitas
285 3072 383 3129 tenuit
405 3089 460 3147 pro
478 3073 621 3147 temporis
639 3073 756 3129 ratione
776 3074 807 3129 et
824 3090 878 3147 pro
897 3088 1024 3145 persona
1041 3069 1200 3143 loquentis.

181 3162 291 3234 incipit
312 3162 374 3217 iam
397 3178 513 3217 summa
535 3162 690 3234 petitionis
709 3161 802 3220 simili
820 3160 967 3218 brevitate
986 3158 1119 3231 collecta,
1137 3161 1201 3216 tam

256 3352 271 3398 2
296 3355 412 3416 apparet
433 3349 499 3415 flore
521 3346 574 3400 LII
601 3364 626 3400 a.
645 3348 741 3416 florere
763 3347 825 3401 LII
838 3362 912 3401 man.
936 3365 950 3399 r
973 3353 1097 3416 appetere
1121 3344 1163 3399 ed.
1196 3346 1198 3417 1

181 3420 320 3473 iustitiam
339 3418 382 3472 ed.
409 3420 412 3489 1
442 3436 508 3473 cam
527 3436 580 3473 om.
600 3419 643 3472 ed.
725 3424 847 3475 aeertas
865 3437 918 3473 om.
938 3418 981 3473 ed.
1055 3422 1200 3486 depecta-

182 3509 265 3544 uecm
284 3490 425 3561 deeepooit
444 3489 496 3543 LR
513 3496 607 3559 sponte
624 3491 736 3559 nepueu
754 3491 797 3545 ed.
875 3490 1029 3545 litaminis
1048 3505 1100 3542 om.
1121 3488 1164 3542 ed.

184 3564 383 3628 let—socero
398 3562 505 3616 omed.
561 3561 764 3630 8currcuted.
822 3567 854 3615 13
870 3563 968 3617 hudat
982 3561 1025 3616 ed.
1083 3566 1116 3614 11
1135 3561 1202 3614 tacit

182 3633 236 3686 LR
255 3635 335 3687 tuate
354 3634 471 3687 ostendit
489 3634 532 3686 ed.
551 3634 621 3699 facit
639 3632 677 3687 od
695 3649 746 3686 nos
765 3632 800 3685 cf.
821 3639 882 3689 661.
942 3638 978 3687 tc
996 3634 1168 3701 redtquntur
1190 3637 1218 3679 et

182 3706 337 3759 reticentur
355 3706 397 3757 ed.
449 3710 483 3757 26
501 3705 601 3761 audire
615 3704 640 3761 R
655 3722 725 3762 corr.
740 3725 765 3763 r.
818 3712 854 3764 ei
874 3706 1039 3765 similthc
1053 3717 1170 3758 sustene
1187 3695 1240 3745 eu.

414 3871 435 3954 il
509 3913 515 3926 ,.
