2734 4159
570 337 812 392 fflhmosm
1136 335 1205 403 835

186 508 312 583 possint
357 510 500 583 procurat
526 510 590 566 eius
616 506 870 582 tranquillitatem
898 506 1029 566 altitudo
1056 526 1204 580 saxorum,

188 614 265 670 quae
296 598 329 653 in
359 596 482 654 modum
517 596 709 655 brachiorum
745 597 896 671 utrimque
930 597 1064 672 proiecta
1099 599 1206 658 centn

186 684 334 760 proeellas
360 689 391 743 et
417 685 552 745 turbines
579 685 665 761 quasi
693 684 835 744 adversus
858 685 954 745 hostis
975 704 1096 744 murum
1118 704 1204 762 pree·

187 776 278 831 stunt
314 774 486 851 refugitque
509 773 547 833 ab
570 776 659 834 litore
681 774 842 851 templum:
865 774 1036 833 constitutis
1058 776 1091 832 in
1113 780 1204 851 portu

156 862 291 922 scudem
312 864 459 938 templum
481 882 540 922 non
564 866 704 941 apparet3
733 862 948 923 obsistentibus
970 865 1050 922 enim
1073 863 1203 938 scopulis

186 952 218 1009 in
240 954 409 1011 inmensum
431 952 529 1011 ductis
552 953 649 1012 videri
670 971 731 1012 non
753 955 861 1029 potest
906 956 1044 1025 paudum
1064 952 1119 1012 lic.
1141 954 1204 1024 pri·

185 1059 267 1098 mam
289 1058 380 1108 mum,
403 1058 491 1114 equos
511 1044 545 1100 iu
564 1044 700 1115 macine
721 1044 783 1101 vidi
806 1042 949 1101 tondodis
971 1058 1106 1114 campum
1131 1040 1203 1098 loir:

187 1131 351 1206 speciosum
380 1130 520 1190 dictionis
548 1150 654 1209 genus3
687 1130 849 1190 nonenim
872 1129 948 1189 dixit
970 1129 1033 1189 vidi
1056 1146 1148 1204 equos
1170 1129 1202 1187 in

186 1236 292 1295 campo
314 1218 462 1279 latissimo
485 1238 609 1298 gramen
630 1219 792 1293 tondentis,
815 1219 867 1279 sed
889 1218 961 1293 vidi,
983 1218 1092 1295 inquit,
1110 1236 1202 1294 equos

144 1326 173 1368 ru
186 1310 219 1365 in
245 1309 381 1385 gramine
407 1308 559 1367 tondentis
587 1328 727 1384 campum
758 1309 952 1382 latissimum,
985 1311 1016 1366 et
1047 1324 1115 1366 enm
1142 1326 1203 1366 non

185 1396 260 1456 dicit
291 1396 399 1472 quibus
432 1398 499 1457 aliis
526 1396 626 1478 herbis
653 1401 859 1473 pascerentur,
891 1396 1021 1457 ostendit
1047 1396 1112 1456 sols
1138 1395 1202 1455 illic

185 1487 323 1563 gramina
340 1487 439 1545 fnisse.
477 1488 604 1547 candore
620 1488 730 1546 mooli:
752 1505 818 1547 ecoe
841 1487 873 1546 in
896 1487 980 1563 equis
1003 1485 1084 1561 quod
1102 1487 1203 1545 omniu

186 1577 329 1650 quattuor
360 1576 480 1635 fuerant
512 1580 542 1635 et
574 1576 681 1636 coloris
713 1575 807 1651 nivei,
841 1575 997 1635 constituti
1027 1576 1059 1634 in
1091 1592 1203 1653 magna

185 1664 345 1724 alimoniae
374 1663 542 1725 substantia
569 1668 600 1724 et
626 1666 692 1724 lata
717 1667 750 1723 in
777 1665 913 1724 ubertate
945 1683 1125 1741 camporum.
1171 1668 1202 1723 ct

143 1774 171 1813 re
179 1757 268 1827 poter
290 1752 432 1812 Anchises
459 1754 578 1823 bellum,
606 1772 622 1812 o
649 1759 729 1813 terro
756 1755 884 1828 hospite,
906 1759 1024 1827 ponas,
1051 1753 1123 1812 bello
1146 1757 1255 1812 oculo

184 1847 306 1900 mentor
327 1846 401 1916 equi,
429 1844 535 1902 bellum
562 1845 632 1903 hoec
659 1847 793 1902 ammte
819 1845 985 1902 minantur:
1020 1846 1121 1918 peter,
1149 1844 1201 1917 ait

184 1950 268 1991 meus
295 1930 440 1991 Anchises
472 1931 584 1991 fiducia
615 1933 758 1992 scientiae
790 1950 861 1991 suae
893 1950 962 1990 mox
992 1932 1202 2007 pronuntiavit

185 2039 330 2095 equorum
360 2023 459 2080 visum
491 2022 570 2081 bella
602 2022 778 2097 portendere
809 2021 865 2080 hac
902 2022 1084 2094 coniectura,
1122 2020 1201 2096 quod

143 2216 171 2257 so
185 2201 215 2256 et
241 2198 416 2273 plenissima
442 2201 648 2275 pronuntiatio
677 2219 737 2274 qua
767 2198 888 2258 additur
918 2198 1042 2272 bellum,
1075 2217 1092 2258 o
1120 2201 1201 2257 terra

184 2286 313 2362 hospite,
335 2291 447 2363 portas,
465 2288 544 2347 bello
568 2292 724 2347 armentur
746 2288 824 2363 equi,
844 2287 955 2345 bellum
973 2287 1047 2347 haeo
1065 2290 1201 2346 armentu

184 2376 344 2435 minantur.
390 2377 515 2437 ridicule
542 2377 591 2437 hic
619 2376 742 2452 quidam
770 2378 922 2435 coniciunt
951 2376 1031 2452 quod
1057 2375 1200 2436 Anchises

185 2466 319 2540 exemplo
353 2468 423 2541 equi
455 2467 560 2525 ductus
592 2486 646 2542 per
673 2485 763 2541 quem
789 2465 879 2541 periit
906 2465 1067 2542 imperium
1094 2465 1200 2525 rlhoiuo

183 2555 424 2629 pronuntiaverit
447 2574 539 2630 equos
562 2558 636 2614 istos
658 2554 772 2613 bellum
796 2554 970 2632 significare.
1017 2553 1068 2613 sed
1091 2554 1199 2614 falsum

143 2660 169 2701 ee
184 2645 243 2717 est3
275 2644 359 2701 idem
392 2646 502 2720 quippe
534 2644 678 2702 iudicium
710 2662 797 2703 suum
829 2663 863 2702 ex
896 2644 1038 2702 interiore
1074 2643 1200 2702 seientia

183 2733 335 2806 prolatum
363 2736 500 2808 sequenti
527 2736 558 2791 et
585 2732 735 2792 contraria
763 2732 966 2807 disputatione
994 2731 1133 2792 dissolvit
1156 2731 1198 2790 di·

185 2820 275 2878 cendo
303 2823 354 2881 sed
378 2826 474 2881 lamec
498 2824 575 2882 idem
598 2822 667 2881 olim
690 2822 952 2882 curru.succedere
974 2823 1049 2881 socii
1071 2822 1200 2895 quadru-

178 2911 270 2982 pedes
293 2914 320 2968 et
340 2913 428 2985 frenc
452 2914 520 2986 lopo
549 2912 703 2970 concordia
729 2911 821 2983 ferre:
860 2928 1083 2987 nonnumquam
1115 2910 1200 2983 solet,

183 2998 292 3073 inquit,
315 2999 371 3058 hoc
396 3000 572 3059 animalium
596 3018 687 3077 genus
712 3002 742 3059 et
765 2998 803 3058 ad
826 3017 944 3058 currum
967 2999 1053 3077 iungi
1076 3002 1107 3058 et
1129 3000 1200 3078 iuga

255 3226 424 3291 iproe‘eetue
441 3222 494 3275 LR
513 3222 555 3276 ed.
642 3224 805 3292 trupitqae
823 3222 849 3275 R
867 3239 935 3276 corr.
954 3240 976 3275 r.
1064 3222 1130 3275 oio
1148 3221 1200 3275 LR

182 3300 208 3348 et
226 3296 258 3347 ic
276 3292 306 3347 r'.
328 3298 332 3365 Ι
357 3295 458 3349 ducitis
476 3294 501 3346 R
521 3310 590 3347 corr.
610 3311 630 3346 r.
707 3296 772 3348 lio
791 3311 844 3348 om.
863 3294 889 3347 R
908 3292 971 3347 edd.
991 3310 1012 3346 r.
1035 3294 1039 3361 Ι
1059 3293 1200 3347 tundentis

183 3366 224 3430 (et
242 3364 327 3436 infra)
346 3365 427 3434 ule!
451 3367 605 3420 latesimum
624 3363 676 3417 LR
696 3367 740 3434 (ex
758 3366 874 3434 interpr.
894 3363 1017 3434 irrepsit)
1036 3364 1200 3419 latissimum

183 3436 286 3491 deinde
305 3437 358 3491 late
378 3454 445 3491 corr.
460 3436 491 3491 r'.
548 3442 580 3489 12
600 3436 694 3491 omnio
713 3436 765 3489 LR
784 3453 874 3491 omnes
891 3454 906 3490 r
924 3437 967 3490 ed.
983 3437 1088 3505 (potest
1106 3436 1199 3490 crucio

182 3524 233 3576 pro
253 3510 364 3579 monice
383 3508 511 3578 posuisse
526 3508 563 3560 ad
578 3506 737 3576 exemplum
746 3507 868 3579 Vergilii
882 3512 906 3573 4,
918 3510 988 3577 668).
1048 3511 1080 3561 13
1099 3506 1199 3561 colores

182 3581 257 3633 nicei
270 3579 322 3632 LR
336 3596 405 3633 corr.
421 3578 443 3631 r'
457 3581 543 3635 colere
561 3580 640 3635 niceo
654 3579 720 3632 edF.
782 3584 815 3633 14
834 3586 865 3635 ot
878 3579 930 3632 LR
948 3586 973 3634 et
992 3578 1034 3633 ed.
1050 3581 1079 3633 et
1098 3575 1199 3647 optimi

182 3649 265 3719 Verg.
285 3650 360 3705 libri.
429 3656 463 3704 20
483 3669 538 3720 quo
556 3650 609 3704 LR
627 3651 700 3719 quod
719 3650 761 3705 ed.
827 3655 860 3705 27
879 3649 1000 3718 fidenelu
1016 3650 1116 3723 ffidem
1135 3665 1184 3704 eun

182 3737 236 3775 res.
256 3722 289 3775 R.
314 3722 319 3794 Ι
348 3723 484 3777 succidere
502 3722 561 3776 LR.
