2734 4159
568 360 750 415 AENEIDOS
768 360 807 415 VI
1129 359 1193 425 597

180 533 268 591 vivus
287 530 438 589 edisceret.
471 533 552 602 sisque
569 530 621 588 oct
638 531 797 589 tendentem
809 530 972 589 'adeersum
984 546 1041 603 per
1057 530 1196 603 prumiae

181 620 255 678 cidit
280 616 417 678 Aenean:
453 621 536 695 prior
562 618 716 679 inducitur
742 619 887 679 Anchises
913 617 1038 691 vidisse,
1067 621 1102 677 ut
1131 617 1187 677 hoc
1197 624 1249 675 686

181 710 285 768 fecerit
308 708 491 784 expectantis
514 709 642 767 intentio
664 709 714 767 vel
737 711 808 783 quia
829 727 897 767 oum
914 708 1051 784 plurimis
1070 707 1131 766 fuit
1148 707 1197 766 vel

181 799 254 875 quia
276 797 393 857 Aeneas
420 797 571 857 nesciebat
598 816 658 873 quo
687 798 788 858 oculos
815 797 951 857 tenderet
977 796 1025 855 vel
1053 797 1124 872 quia
1146 815 1196 855 ne-

155 903 299 946 tmorum
331 888 514 946 amoenitate
545 887 712 965 tegebatur.
758 886 810 945 ubi
841 887 937 964 igitur
968 885 1045 944 vidit
1074 885 1197 944 Aenean

182 979 286 1035 cenna
313 976 493 1049 venientem,
522 976 631 1035 alacres
652 978 773 1050 petates
795 994 861 1036 eum
883 992 948 1035 cece
970 974 1099 1034 tetendit:
1131 992 1197 1034 ecce

182 1065 277 1142 patris
308 1066 406 1140 pietas
437 1066 540 1140 plena,
572 1070 642 1124 ente
675 1065 714 1124 ad
745 1065 898 1141 amplexus
930 1063 974 1122 fili
1005 1065 1199 1140 praeparavit

181 1173 288 1213 manus
312 1173 401 1230 quam
425 1154 509 1213 fieret
530 1157 664 1230 potestas
687 1155 843 1213 retinendi.
882 1153 1021 1214 veniebat
1044 1153 1124 1212 euim
1147 1150 1197 1211 ad·

181 1244 391 1317 cuononem,
420 1263 479 1303 non
506 1246 607 1302 tamen
634 1247 818 1319 pervenerat.
865 1260 1019 1319 expressus
1042 1260 1113 1319 ergo
1135 1244 1198 1318 pie·

141 1335 255 1392 rotatis
280 1333 422 1406 adfectus,
446 1350 600 1408 expressus
623 1332 819 1415 desiderantis
842 1332 931 1391 ardor
953 1330 1112 1408 inpatiens
1131 1350 1199 1390 cum

182 1421 326 1481 adventui
356 1420 401 1479 fili
432 1421 569 1480 manibus
600 1424 705 1497 procul
737 1421 866 1481 occurrit
898 1424 928 1480 et
959 1439 1044 1496 voce3
1080 1421 1199 1479 fecisset

182 1511 277 1569 nihilo
304 1510 403 1570 minus
431 1514 462 1569 et
488 1510 627 1586 pedibus,
655 1513 681 1570 si
709 1514 792 1572 aetas
820 1507 880 1570 non
908 1510 1065 1570 obsisteret
1092 1512 1123 1568 ct
1149 1528 1198 1569 cu·

181 1602 315 1676 pientem
346 1602 478 1675 corporis
515 1602 623 1659 vitium
660 1619 719 1659 uon
756 1604 879 1659 teneret.
929 1600 1033 1659 cecicit
1068 1599 1199 1658 tndem.-

182 1690 293 1748 venisti
316 1687 439 1747 tandem
466 1689 628 1749 secuudum
643 1733 1119 1748 ......................
1135 1688 1197 1745 ani·

143 1797 168 1838 n
182 1799 265 1836 mum
293 1777 405 1836 dictum
434 1782 492 1846 est,
520 1779 569 1837 eui
591 1778 694 1838 tardus
717 1781 819 1838 venire
841 1780 954 1856 potuit,
981 1777 1101 1836 etiamsi
1123 1775 1199 1835 illud

183 1866 263 1941 quod
281 1871 399 1944 gestum
417 1870 463 1926 est
481 1868 617 1927 celeriter
634 1868 787 1927 videretur
805 1868 949 1927 effectum.
979 1868 1080 1942 potest
1097 1869 1199 1925 tumen

183 1961 212 2015 et
236 1958 291 2015 sic:
316 1956 371 2015 etsi
394 1956 488 2030 tarde,
512 1960 622 2034 tamen,
646 1958 719 2032 quia
741 1958 860 2031 venisti,
883 1975 943 2016 non
965 1957 1120 2015 incusetur
1138 1956 1199 2013 tar·

183 2045 262 2105 ditas
285 2049 346 2103 tua.
384 2050 490 2118 tueque
508 2050 655 2119 expectata
667 2048 789 2120 parenti
806 2048 875 2105 eicit
891 2048 947 2105 iter
965 2044 1073 2103 durum
1085 2046 1201 2117 pietas:

183 2152 249 2194 ecce
268 2134 453 2210 tarditatem,
472 2154 562 2210 quam
581 2136 776 2195 intervenisse
795 2135 965 2195 desiderans
984 2134 1120 2209 putabat,
1135 2134 1201 2208 ipse

144 2241 170 2281 sc
183 2227 312 2283 excusat.
358 2243 492 2299 possum,
519 2226 632 2299 inquit,
661 2226 795 2284 conicere
823 2243 898 2300 quae
926 2242 1016 2284 causa
1042 2225 1073 2281 te
1096 2222 1201 2282 fecerit

184 2313 318 2385 tardum,
346 2312 404 2371 iter
427 2313 535 2371 durum
558 2315 635 2372 vivis
659 2315 690 2371 et
713 2314 842 2372 adeundi
865 2312 1025 2373 difficultas
1049 2314 1139 2387 atque
1162 2311 1201 2369 ad

183 2401 256 2461 haec
279 2403 346 2460 loca
368 2402 519 2476 tendendi,
542 2401 593 2461 sed
615 2421 669 2477 per
688 2405 718 2460 te
736 2403 781 2461 fili
799 2405 974 2479 conpertum
993 2403 1039 2460 est
1056 2403 1201 2477 pietatem

183 2509 285 2550 veram
313 2490 450 2549 omnibus
479 2509 541 2550 esse
570 2490 800 2551 difficultatibus
828 2492 989 2551 fortiorem.
1036 2491 1125 2549 detur
1147 2507 1201 2549 ere

183 2582 272 2648 tueri,
299 2585 379 2648 acte,
408 2584 460 2639 tec
488 2586 514 2639 et
539 2584 625 2639 netes
652 2581 757 2638 audire
785 2585 811 2638 et
832 2582 952 2640 reddere
974 2597 1070 2638 occec:
1101 2598 1201 2655 quam,

144 2685 169 2727 sc
182 2670 301 2744 inquit,v
324 2668 397 2727 felix
425 2688 503 2743 sum,
531 2671 580 2728 cui
607 2670 694 2727 licuit
720 2673 839 2728 mortuo
866 2669 962 2729 filium
988 2668 1068 2744 apud
1089 2668 1200 2727 inferos

182 2759 362 2816 incolumem
385 2778 512 2832 cernere,
536 2758 633 2817 adfari
657 2761 748 2834 atque
771 2759 874 2817 audire
899 2758 1063 2836 gloriosum
1085 2760 1116 2815 et
1139 2777 1200 2816 am-

183 2847 275 2923 plecti
299 2848 512 2907 dulcissimum.
549 2850 592 2906 sic
615 2849 744 2920 equidem
767 2849 907 2907 ducebam
930 2850 1028 2907 calme
1050 2848 1254 2920 rebarquessth

182 2938 317 3008 futerwm
349 2939 479 3009 tempere
511 2938 703 2996 dinumerans
734 2954 786 2995 aee
816 2955 862 2996 me
892 2955 958 2996 mec
985 2954 1057 2995 cara
1083 2936 1201 3009 fefellit:

183 3045 243 3083 non
266 3025 440 3101 inopinatus
464 3026 621 3100 adventas3
645 3029 742 3085 certus
767 3028 844 3085 enim
870 3026 905 3085 de
926 3026 1065 3084 instituto
1083 3027 1137 3084 tuo
1156 3024 1201 3083 fui

257 3178 431 3232 laediseeret
448 3177 473 3228 V
493 3180 624 3246 aspiceret
642 3179 685 3232 ed.
760 3179 881 3245 dficerit
898 3177 931 3231 V.
1009 3178 1120 3246 equod
1138 3194 1200 3231 ccu-

183 3249 223 3301 los
241 3248 274 3301 V.
338 3254 354 3301 6
373 3266 434 3302 cam
452 3266 514 3303 cece
531 3249 557 3303 V
574 3267 626 3318 pro
644 3255 776 3318 utrasque
794 3249 837 3303 ed.
858 3251 887 3303 et
904 3248 999 3303 libror.
1010 3247 1116 3317 Vergil.
1136 3265 1200 3302 con-

181 3320 311 3373 firmatur
324 3319 571 3389 interpretatione:
590 3320 727 3374 memoria
740 3320 882 3375 Donatum
897 3322 933 3374 ad
948 3326 973 3387 2,
984 3325 1035 3374 688
1051 3320 1176 3374 abduxit.
1195 3319 1198 3392 l

182 3408 205 3445 v.
218 3396 269 3444 686
290 3390 424 3445 omissum
442 3392 471 3443 in
490 3391 516 3445 V
535 3391 669 3458 added,
688 3391 921 3461 interpretatione
940 3408 995 3444 non
1015 3391 1151 3461 tangitur.

183 3466 199 3516 8
218 3463 294 3529 fieret
313 3461 339 3510 V
355 3463 444 3529 fuerit
461 3463 504 3517 ed.
576 3469 607 3516 12
627 3464 766 3518 obsteteret
783 3463 817 3517 V.
888 3469 991 3517 13-14
1010 3464 1085 3515 inter
1102 3464 1202 3518 venisti

183 3534 293 3588 tandem
310 3532 452 3587 lemmatis
471 3536 501 3588 et
518 3533 595 3587 idem
612 3534 856 3604 interpretationis
871 3542 896 3589 et
909 3541 988 3589 oetas
1003 3535 1100 3589 audire
1114 3534 1203 3588 habet

182 3602 208 3657 V
226 3619 277 3674 per
295 3620 424 3670 errorem,
443 3608 476 3659 ut
495 3608 643 3675 appareti
666 3608 897 3674 postmomodum
916 3606 1019 3660 lacuna
1038 3608 1082 3660 est
1098 3604 1201 3676 viginti

182 3675 306 3745 amplius
329 3675 489 3730 litterarum
514 3676 554 3729 sic
577 3676 635 3731 fere
660 3677 812 3747 explenda:
841 3680 1008 3747 inpatienter
1026 3694 1059 3731 esc
1092 3679 1200 3733 clentis.

238 3752 271 3800 15
291 3749 401 3801 tardum
419 3748 510 3801 uenire
528 3747 554 3801 V
573 3748 670 3803 tardus
688 3766 712 3803 c.
733 3750 776 3802 ed.
850 3753 883 3802 29
903 3750 1049 3805 adnectite
1071 3790 1077 3804 .
