2734 4159
557 290 740 345 AENEIDOS
757 287 785 345 11
1116 290 1178 355 171

164 478 300 519 mruseue
328 461 489 519 luminibus
517 462 654 531 flaumue
683 462 805 519 arrectis
833 459 985 533 salsoque
1009 478 1067 534 per
1096 466 1180 520 onus

165 549 256 607 sudor
277 552 312 607 iit
329 554 427 622 terque
444 551 512 623 ipsa
529 549 589 607 soto
609 544 760 625 (neirobile
777 548 870 621 dictu)
890 550 1005 608 emicuit
1015 568 1170 623 parmam·
1182 558 1233 605 175

166 656 220 711 que
246 640 343 709 fucus
369 639 540 711 hastamque
567 642 739 696 trementum
786 637 966 697 <inseramus
994 637 1055 697 iam
1079 658 1179 714 qnem-

166 727 324 786 admodum
347 746 451 785 verum
470 726 650 786 Graecorum
668 727 782 785 tactum
801 728 891 802 poeta
910 726 1059 803 extulerit,
1078 747 1179 803 quem-

138 816 324 875 sadmodum
347 835 428 874 more
451 818 607 892 praecipui
629 817 757 875 oratoris
776 815 864 874 unius
882 814 1027 874 invidiam
1046 816 1179 876 criminis

165 907 233 964 aliis
264 924 382 981 quoque
415 924 450 963 ex
482 924 516 963 eo
549 905 737 964 venientibus
770 904 943 963 criminibus
974 904 1178 963 cumulaverit.

165 995 254 1052 aliter
277 996 357 1053 enim
375 994 541 1052 Minervam
560 995 681 1072 gravius
701 994 812 1052 iratam
830 993 984 1071 sacrilegis
1001 993 1179 1068 persuadere

164 1102 222 1141 non
245 1085 348 1158 posset
370 1084 464 1142 falsus
487 1085 552 1157 ipse
575 1085 723 1157 narrator,
741 1083 800 1141 nisi
823 1081 992 1141 ostenderet
1015 1101 1081 1141 eam
1104 1082 1179 1141 mul-

163 1172 263 1246 tiplici
282 1171 420 1250 congerie
438 1171 583 1231 scelerum
600 1173 796 1246 provocatam
815 1189 945 1229 amorem
967 1172 1129 1246 pristinum
1146 1174 1179 1229 in

124 1284 149 1321 10
164 1261 301 1319 acerbum
326 1260 428 1319 odium
451 1264 657 1320 commutasse.
704 1260 803 1336 inpius
828 1279 863 1318 ex
887 1279 945 1335 quo
970 1259 1099 1335 Tydides
1128 1261 1179 1319 sed

164 1351 243 1407 enim
266 1350 467 1424 scelerumque
489 1352 629 1409 inventor
651 1349 767 1408 Ulixes:
800 1348 902 1408 debuit
926 1350 1024 1423 primo
1048 1349 1180 1408 admissa

164 1440 275 1496 scelera
306 1445 481 1497 narraturus
513 1439 584 1497 talis
611 1457 754 1514 personas
782 1437 936 1498 ostendere
964 1457 1041 1514 quae
1069 1437 1180 1497 audere

163 1527 281 1585 inlicita
303 1529 334 1586 et
356 1528 454 1586 facere
472 1530 649 1602 potuissent.
684 1527 795 1586 idcirco
814 1528 933 1605 singula
951 1527 1077 1605 singulis
1096 1527 1183 1586 dedit

164 1616 292 1674 alterum
324 1617 479 1691 appellans
511 1618 628 1691 inpium
660 1618 713 1692 qui
739 1619 772 1674 in
799 1617 852 1675 illo
880 1616 989 1675 scelere
1017 1619 1047 1675 et
1076 1617 1179 1675 divina

121 1728 147 1765 15
163 1707 230 1762 iura
253 1710 283 1762 et
305 1706 436 1764 humana
459 1705 610 1779 violasset,
635 1705 763 1763 alterum
786 1705 862 1764 dixit
883 1707 1070 1765 inventorem
1088 1706 1178 1764 scele-

163 1813 231 1851 rum
258 1794 315 1853 hoc
343 1798 389 1853 est
417 1796 471 1870 qui
492 1813 656 1869 numquam
678 1794 829 1854 invenerit
851 1793 932 1868 quod
953 1797 1032 1853 recte
1056 1794 1178 1870 probari

162 1885 318 1957 potuisset.
363 1885 503 1942 inventor
526 1883 671 1941 scelerum
694 1884 813 1958 proprie
838 1884 958 1957 estqui
981 1883 1093 1942 relictis
1116 1885 1178 1941 usi-

162 1973 237 2029 tatis
269 1991 348 2031 nova
378 1974 495 2030 invenit
526 1973 652 2045 scelera,
683 1973 769 2047 peior
796 1974 842 2031 est
868 1973 1007 2030 inventor
1034 1972 1178 2031 scelerum

164 2060 323 2134 sceleratis,
347 2063 419 2135 quia
441 2061 505 2135 ipse
528 2062 645 2120 invenit
665 2061 743 2120 unde
763 2080 797 2119 ex
816 2060 1022 2119 innocentibus
1042 2061 1179 2119 scelerati

120 2172 148 2210 ro
164 2149 337 2207 reddantur.
368 2151 470 2208 'fatale
494 2151 627 2229 adgressi
650 2151 768 2208 sacrato
791 2149 919 2208 avellere
942 2149 1054 2225 templo
1077 2150 1177 2208 Palla·

163 2238 259 2296 dium:
291 2240 324 2296 in
351 2240 477 2317 singulis
505 2240 625 2317 singula
652 2242 722 2298 sunt
754 2257 864 2317 genera
891 2238 1053 2315 sacrilegii:
1085 2239 1178 2297 fatale

161 2329 218 2385 hoc
250 2331 296 2386 est
324 2330 356 2384 in
389 2346 447 2403 quo
480 2331 575 2387 staret
602 2330 699 2388 fatum
728 2326 922 2397 Graecorum
955 2327 1072 2385 dixerat
1099 2329 1177 2386 enim

161 2416 295 2474 Palladis
324 2418 444 2475 auxiliis
472 2436 589 2493 semper
612 2416 705 2491 stetit,
729 2421 773 2476 est
797 2435 867 2494 ergo
891 2417 1094 2494 sacrilegium
1127 2417 1177 2475 ad-

161 2508 257 2582 gressi
286 2506 426 2580 avellere,
455 2510 490 2564 ut
513 2526 580 2565 cum
604 2505 761 2583 sacrilegio
786 2507 957 2565 conveniret
980 2507 1092 2564 crimen
1114 2507 1178 2565 vio·

117 2616 146 2657 es
161 2596 285 2667 lentiae;
309 2615 379 2653 nam
402 2596 526 2674 adgredi
549 2598 580 2655 et
603 2596 731 2654 avellere
754 2596 954 2654 violentorum
978 2599 1036 2669 est3
1061 2600 1177 2655 sacrato

161 2684 291 2742 avellere
310 2683 434 2758 templo;
459 2687 485 2743 si
503 2685 615 2744 diceret
632 2685 755 2759 templo,
772 2685 868 2743 levius
887 2684 959 2758 tuit3
982 2685 1078 2743 multa
1098 2687 1177 2744 enim

161 2775 232 2831 sunt
258 2774 372 2848 templa
400 2792 475 2848 quae
503 2777 621 2832 sacrata
649 2792 708 2832 non
731 2775 792 2831 sint
814 2792 868 2831 nec
890 2773 1021 2836 habeant
1044 2774 1178 2850 aliquam

160 2863 384 2920 venerationem
402 2862 584 2937 perindeque
602 2865 774 2937 contempta
787 2881 847 2921 non
860 2863 992 2937 laedant,
1006 2868 1177 2922 consecrata

161 2969 232 3008 vero
247 2953 274 3009 si
289 2954 449 3010 attrectata
463 2952 511 3009 vel
529 2952 637 3010 leviter
654 2952 775 3025 fuerint,
789 2951 923 3029 graviter
940 2956 1176 3026 commoventur3

113 3063 145 3103 ao
162 3039 291 3098 avellere
314 3041 426 3115 templo
450 3040 634 3099 Palladium:
657 3039 827 3099 Palladium
850 3059 917 3099 cum
940 3043 1176 3116 pronuntiamus

160 3129 277 3204 pondus
305 3129 473 3187 addendum
501 3132 559 3205 est3
593 3130 626 3187 in
652 3130 719 3203 ipso
747 3131 827 3187 enim
854 3131 973 3188 nomine
1001 3128 1176 3207 magnitudo

160 3219 294 3276 numinis
327 3237 465 3293 expressa
497 3222 550 3276 est.
597 3220 691 3276 eaesis
718 3236 851 3276 summae
883 3216 1054 3276 custodibus
1086 3219 1176 3276 arcis:

160 3307 352 3383 sacrilegium
379 3326 447 3365 cum
474 3307 635 3366 homicidio
663 3311 694 3364 et
720 3306 879 3365 homicidio
903 3306 1032 3364 admisso
1055 3308 1087 3364 in
1110 3307 1176 3380 ipsa

234 3535 250 3580 3
269 3530 428 3584 dixeramus
446 3530 489 3583 ed.
556 3535 588 3583 12
608 3530 709 3583 eredere
727 3529 780 3583 th
797 3530 887 3584 uidere
906 3529 949 3583 ed.
1020 3500 1052 3581 lb
1071 3530 1174 3584 sceleri-

160 3602 228 3653 tatis
245 3601 278 3654 R.
351 3607 385 3653 ‘26
404 3603 461 3666 fuit
479 3601 532 3653 LR
549 3607 615 3655 esset
632 3600 675 3654 ed.
745 3606 778 3653 27
797 3606 864 3656 suut
881 3600 935 3653 [ild
953 3599 1002 3651 ed„
1018 3599 1197 3662 sinteca&

159 3670 260 3723 habeut
279 3671 322 3725 ed.
396 3678 428 3725 28
447 3673 561 3729 laedunt
579 3673 624 3728 ed.
644 3673 815 3729 laeduntur?
