2734 4159
574 334 756 390 AENEIDOS
774 334 814 389 VI
901 350 905 357 ·
1140 335 1204 399 571

179 503 294 580 petiere
315 507 403 573 rates,
424 521 502 579 pars
524 505 622 564 tollen
644 521 741 563 vocem
764 507 912 578 enipnm,
939 506 1076 577 inceptus·
1096 502 1207 564 clamor

183 596 353 669 suscitatur
376 594 501 653 bmntn:
523 593 680 671 fugiebant
703 595 781 653 sicut
803 594 835 651 in
859 594 949 652 Troia
972 594 1116 667 fecerunt,
1139 611 1206 652 cum
1239 591 1246 620 ¹

185 684 227 744 ad
249 684 336 742 navis
365 686 573 742 concurrerent
601 682 708 743 salutis
739 682 945 758 desperatione
973 682 1122 758 conpulsi,
1152 683 1206 741 alii

184 791 258 833 vcro
281 771 423 831 volebant
445 772 605 831 clamorem
628 772 748 846 tollere,
779 791 846 830 cum
873 790 932 831 non
957 774 1033 831 esset
1056 771 1228 844 clamandi,

151 861 368 935 asubstantia,
391 860 518 936 denique
541 863 661 936 inipso
685 863 795 921 conatu
819 860 995 920 deficiebant
1018 860 1123 919 dantes
1146 879 1205 920 non

184 968 304 1025 vocem,
336 950 388 1009 sed
416 951 557 1028 exiguum
580 969 694 1010 sonum.
750 949 911 1025 descriptio
934 948 1115 1009 Graecorum
1146 969 1206 1009 non

184 1040 319 1100 inaniter
345 1040 444 1116 posita
472 1042 531 1115 est,
558 1040 655 1115 primo
686 1040 820 1098 omnium
842 1041 877 1098 ut
904 1038 1110 1098 ostenderetur
1133 1041 1207 1114 quot

184 1129 273 1189 milia
303 1128 395 1187 etiam
424 1147 460 1186 ex
489 1128 563 1204 ipsis
593 1127 734 1187 cecidisse
761 1128 945 1203 viderentur,
978 1128 1063 1187 nulle
1096 1128 1205 1205 quippe

184 1219 316 1278 victoria
343 1220 388 1277 est
415 1219 479 1277 sine
508 1217 682 1277 calamitate
714 1218 851 1291 victoris3
881 1217 1008 1293 denique
1041 1216 1207 1293 apparebat

141 1308 332 1369 remansisse
355 1325 422 1366 cum
444 1306 518 1382 ipsis
536 1309 649 1365 metum
673 1327 762 1383 quem
785 1306 866 1382 apud
888 1325 1010 1384 superos
1038 1307 1206 1366 habuerunt

186 1416 256 1456 cum
276 1398 498 1473 expugnaretur
512 1396 610 1454 Troia.
646 1396 823 1455 meminerat
842 1397 922 1454 enim
939 1398 1030 1472 poeta
1048 1413 1078 1454 se
1097 1395 1205 1455 dixisse

186 1479 234 1567 (2,
254 1476 333 1565 399)
358 1484 538 1562 „diffugiunt
560 1484 614 1543 alii
638 1485 676 1544 ad
699 1486 785 1544 navis
808 1485 952 1561 etlitora
970 1503 1059 1544 cursu
1077 1484 1137 1543 fide
1155 1503 1205 1561 pe-

185 1576 265 1651 tunt,
284 1592 354 1650 pars
363 1574 520 1650 ingentem
535 1573 695 1633 formidine
709 1575 792 1649 turpi
810 1572 958 1633 scendunt
976 1593 1077 1633 narsus
1097 1594 1206 1650 equum

187 1667 218 1723 et
240 1665 314 1723 nota
337 1662 504 1722 conduntur
526 1664 559 1721 in
582 1661 677 1723 alvo“.
724 1662 833 1738 ubique
855 1662 956 1721 firmat
973 1663 1126 1741 Vergilius
1149 1663 1206 1722 diis

148 1770 173 1812 u
188 1751 425 1826 adversantibus,
448 1771 508 1810 non
530 1754 643 1811 virtute
662 1750 845 1812 Graecorum
867 1755 1041 1829 superatum
1065 1771 1127 1812 esse
1151 1754 1207 1811 im-

186 1842 304 1919 perium
327 1841 443 1915 Troiae,
467 1840 594 1917 denique
617 1844 648 1901 et
669 1842 719 1899 hic
742 1841 863 1900 timidos
886 1844 917 1899 et
940 1842 1055 1919 fugacis
1079 1839 1206 1901 Graecos

188 1931 338 2009 adsignat,
362 1930 470 2006 quibus
493 1949 586 2006 usque
611 1930 684 1989 adeo
707 1932 805 1990 metus
829 1932 942 1989 statum
965 1932 1074 1989 mentis
1092 1923 1205 2006 p'raeri·

187 2022 304 2097 puerat,
327 2022 362 2077 ut
385 2019 538 2079 crederent
551 2019 673 2079 Aenean
697 2019 809 2079 idcirco
827 2018 908 2095 apud
926 2020 1036 2079 inferos
1056 2022 1206 2079 armatum

187 2109 337 2182 incedere,
363 2112 398 2167 ut
421 2106 549 2168 Graecos
573 2110 666 2168 etiam
690 2110 822 2168 mortuos
849 2109 1065 2184 insequeretur.
1111 2108 1206 2188 fugie-

151 2198 270 2272 nbant,
293 2197 406 2273 inquit,
429 2198 496 2271 alii,
519 2197 573 2257 alii
595 2196 757 2257 mittebant
780 2198 919 2276 exiguam
941 2216 1045 2257 vocem
1068 2202 1111 2271 et,
1139 2218 1206 2257 cum

187 2287 300 2348 vellent
323 2286 440 2362 aliquid
463 2287 574 2361 dicere,
603 2288 636 2345 in
662 2286 729 2363 ipso
752 2286 834 2345 vocis
862 2286 981 2346 defectu
1008 2289 1126 2363 patenti
1155 2306 1205 2347 cre

187 2375 382 2437 remanebant
412 2394 473 2435 non
505 2380 647 2452 sequente
679 2376 759 2435 vocis
793 2375 900 2434 officie.
957 2376 1102 2435 Troianos
1134 2395 1205 2455 ergo

187 2464 325 2525 laudavit
348 2468 378 2523 et
401 2465 532 2525 ostendit
558 2465 681 2525 timidos
706 2463 833 2524 Graecos
862 2464 1043 2540 perindeque
1070 2465 1205 2541 inbellis3

188 2555 288 2615 nullus
312 2556 391 2614 euim
414 2555 530 2613 hostem
552 2555 612 2613 nisi
634 2554 755 2613 inbellis
778 2554 865 2631 fugit.

153 2657 176 2702 n
253 2642 351 2717 Adone
372 2645 419 2703 bic
436 2644 610 2703 Priamiden
632 2644 779 2703 lantntncn
797 2660 916 2717 corpore
939 2647 994 2702 toto
1012 2644 1259 2718 Deiphobwmlat

188 2729 262 2793 cidit
278 2735 408 2793 henum
425 2734 580 2792 crudeliter
597 2750 660 2802 oro,
683 2749 738 2791 ora
756 2749 918 2807 mannaque
932 2734 1035 2792 uentae
1048 2734 1206 2807 populatu·

188 2838 243 2897 pice
255 2826 384 2896 tenuero
396 2823 491 2895 raptis
504 2822 629 2881 onnbns
643 2825 669 2880 et
681 2825 802 2881 truncas
815 2823 963 2882 inhonesto
977 2823 1095 2881 cnlnne
1108 2840 1205 2883 nores.

187 2914 238 2971 nin
260 2912 333 2971 odeo
356 2914 474 2986 conenit
490 2913 673 2985 penitentem
703 2916 729 2970 et
750 2912 819 2970 diro
848 2915 984 2987 tepentem
1011 2912 1158 2985 supplicio
1181 2915 1208 2971 et

186 3002 264 3060 notis
286 3000 430 3074 conpellet
451 3002 569 3059 ‘vocibus
591 3001 684 3058 nitro:
706 3003 794 3060 tanta
815 3002 848 3059 in
866 2999 1023 3077 Deiphobo
1047 3000 1206 3059 detrimen-

150 3091 288 3149 ntorum
312 3089 443 3166 corporis
468 3088 642 3149 deformitas
665 3089 740 3163 fuit,
770 3092 806 3148 nt
828 3090 907 3148 hunc
935 3090 1009 3150 civis
1032 3092 1130 3164 notua,
1155 3090 1206 3148 ad-

260 3299 276 3347 6
295 3294 336 3348 rei
348 3293 374 3347 V
389 3299 434 3363 (ex
446 3299 486 3349 eet
500 3294 675 3364 archetypil)
690 3296 736 3349 ced
751 3311 819 3349 corr.
830 3294 873 3348 ed.
930 3300 946 3348 8
965 3296 1047 3350 etiam
1062 3311 1114 3348 om.
1126 3296 1169 3349 ed.

188 3373 221 3420 12
241 3366 284 3421 dii
300 3366 416 3436 snpinnt
434 3367 522 3420 almae
539 3365 573 3421 V.
644 3371 678 3418 14
696 3367 753 3420 alio
771 3382 822 3435 pro
842 3368 903 3420 cleo
921 3366 954 3421 V.
1025 3370 1057 3420 ll
1077 3365 1207 3421 metnaV

186 3439 269 3492 timor
287 3436 330 3490 ed.
392 3442 424 3491 19
444 3437 564 3491 incidere
582 3436 608 3489 V
627 3454 696 3491 corr.
712 3436 755 3491 ed.
821 3444 854 3490 22
873 3438 995 3507 aequanti
1013 3437 1046 3492 V.
1063 3438 1067 3509 Ι
1089 3439 1207 3493 troianis

185 3506 213 3563 V
232 3524 300 3562 corr.
316 3507 380 3579 ed}
401 3524 464 3578 erpo
480 3525 536 3569 ¹om.
551 3508 595 3562 ed.
673 3514 707 3562 25
722 3510 890 3577 priamidem
907 3509 1000 3575 Ved,
1020 3511 1051 3563 at
1069 3515 1094 3575 3,
1105 3514 1158 3564 295
1177 3509 1207 3561 in

176 3580 303 3649 *interpr
319 3579 392 3633 -den
453 3585 486 3632 26
501 3580 646 3634 cncdelder
656 3612 690 3620 -
701 3585 734 3633 29
749 3581 822 3634 nitro
842 3597 895 3635 om.
907 3580 949 3635 ed.
959 3583 1032 3650 post.
1089 3585 1122 3635 29
1142 3581 1207 3636 inde

185 3668 252 3705 cum
276 3666 324 3705 sex
345 3649 405 3706 fere
425 3651 585 3705 litterarum
604 3651 738 3720 spatioV
757 3653 788 3705 in
803 3652 946 3721 Deiphobo
965 3652 1073 3722 scripsi,
1093 3669 1146 3706 om.
1162 3651 1206 3707 ed.

241 3726 276 3775 30
295 3722 380 3789 afinia
396 3722 422 3773 V
440 3729 466 3776 et
483 3723 581 3789 affinis
598 3722 641 3776 ed.
