2734 4159
579 331 761 388 AENEIDOS
779 332 819 387 VI
1144 330 1210 395 559

194 499 234 560 ad
256 501 402 561 solacium
424 500 568 561 Palinuro
595 500 766 562 sufficerent
793 503 986 577 perrexerunt
1013 500 1052 560 od
1078 500 1211 559 fluvium

193 592 307 661 nawa,
328 590 386 651 hoc
409 594 454 651 est
473 589 599 668 Charon,
623 608 695 664 quos
716 593 779 650 iam
796 591 865 650 inde
887 596 920 650 at
936 589 1039 667 Styyic
1051 591 1265 663 prospexeras

195 679 233 739 ab
255 680 555 753 comportantem
575 696 679 739 nenas
701 681 745 739 ire
767 680 927 754 pedemque
949 682 1098 739 adceriew
1119 681 1212 753 ripae,

195 770 238 829 eie
249 771 339 843 prior
356 769 528 843 oderediiur
545 769 629 828 dictis
646 772 733 841 atque
750 772 883 843 increpat
899 770 983 828 cliro.
1026 767 1105 844 quod
1123 768 1211 842 ultro,

172 856 276 933 equod
290 857 388 918 adhue
402 859 557 933 venientis,
572 857 651 933 quod
666 857 833 937 adgressus,
852 859 931 934 quod
944 858 1080 933 increpat
1098 856 1212 916 dictum

196 950 250 1022 est,
267 948 330 1006 iam
343 947 578 1025 intellegendum
597 950 643 1006 esi
656 948 798 1007 commoti
812 948 946 1007 futurem
964 966 1027 1008 esse
1042 947 1211 1005 dictionem.

196 1036 327 1111 memores
350 1053 380 1096 es
401 1039 536 1096 metus
558 1038 609 1110 qai
626 1039 729 1096 nostra
746 1037 788 1095 ad
805 1040 931 1110 flumina
949 1037 1053 1107 tendis,
1073 1037 1141 1109 fare
1159 1054 1212 1109 aee

196 1126 267 1197 qued
283 1127 395 1195 cmm,
408 1128 469 1184 iam
487 1128 574 1185 ierim
591 1129 618 1184 et
634 1128 782 1200 comprime
796 1144 943 1200 cressum:
966 1144 1034 1185 cum
1052 1126 1110 1185 duo
1128 1127 1212 1184 veni·

195 1218 269 1291 rent,
293 1216 523 1274 commotionem
546 1233 631 1274 suam
653 1216 686 1273 in
715 1234 783 1274 eum
811 1214 920 1274 direxit
948 1235 1037 1291 quem
1059 1214 1137 1274 vidit
1164 1233 1210 1274 ar·

164 1308 323 1377 comatum3
352 1307 478 1363 noverat
505 1305 586 1363 enim
612 1304 748 1380 exempla
771 1303 933 1364 violentias
962 1304 1069 1381 quibus
1097 1304 1212 1363 turbati

195 1397 263 1453 mint
288 1392 386 1452 inferi.
432 1394 499 1468 quis
523 1392 602 1453 enim
623 1412 728 1452 revera
755 1412 815 1452 non
837 1396 1017 1471 moveretur,
1041 1411 1108 1452 oum
1130 1392 1211 1453 vide·

194 1484 240 1541 ret
268 1483 379 1541 tacitos
401 1483 503 1541 venire
534 1501 589 1558 per
620 1482 738 1542 occulta
768 1501 924 1541 nemorum
951 1486 982 1542 et
1008 1481 1211 1559 'propinquare

191 1571 331 1630 invenem
364 1573 468 1630 siricio
499 1569 663 1631 mucrone?
712 1572 816 1648 procul
849 1571 939 1631 dubio
972 1571 1093 1648 quidem
1124 1571 1212 1630 illum

194 1658 313 1720 Charon
331 1660 467 1734 timebat,
484 1660 698 1738 interrogantis
715 1663 817 1719 tamen
834 1661 908 1720 haec
926 1679 984 1720 vox
1003 1664 1048 1721 est
1066 1663 1096 1719 ec
1114 1660 1210 1738 magis

149 1760 176 1804 le
194 1750 326 1825 suspecti
348 1768 439 1825 quam
466 1751 617 1824 iniuriosi,
650 1767 718 1808 cum
745 1750 820 1809 dicit
849 1750 913 1809 fare
941 1769 996 1827 age
1025 1768 1077 1808 cur
1099 1751 1210 1808 veniae.

193 1841 296 1915 sperat
319 1842 349 1898 et
370 1839 466 1898 iustas
489 1841 615 1899 existere
638 1856 725 1914 posse
748 1858 852 1899 causas
875 1838 1026 1914 veniendi,
1049 1839 1121 1897 licet
1143 1858 1212 1897 eum

192 1927 335 1988 tennerit
354 1931 492 2004 aspectus
506 1930 623 1987 annaei.
664 1929 726 1986 iam
745 1930 835 1987 istinc
854 1930 883 1985 et
897 1930 1048 2005 conpr-ime
1063 1945 1210 2005 gressum:

192 2017 322 2092 interea,
345 2016 438 2077 donec
461 2016 607 2077 adventus
629 2019 676 2075 tui
703 2036 808 2077 causas
836 2017 948 2092 edicas,
977 2018 1070 2096 defige
1093 2035 1211 2095 gressus

192 2110 261 2165 tuos
283 2124 338 2165 nee
364 2107 566 2184 progrediaris
591 2106 726 2165 ulterius.
772 2108 946 2167 mebrormn
973 2108 1019 2166 hic
1044 2107 1125 2165 locus
1148 2110 1264 2165 est:390

138 2203 182 2255 ’o
195 2213 241 2270 an,
264 2197 377 2271 inquii,
403 2195 457 2254 ubi
479 2198 520 2255 sis
542 2197 659 2272 positus
681 2194 798 2256 noscis?
829 2196 1002 2256 umbrarum
1030 2198 1140 2273 quippe
1163 2196 1212 2255 hic

194 2283 276 2343 loeus
304 2288 357 2344 esi.
402 2287 497 2343 emani
523 2286 670 2357 nodoque
697 2302 833 2360 soporae:
866 2304 985 2345 somnus
1013 2286 1062 2345 hic
1089 2287 1212 2361 superat

195 2376 225 2432 et
236 2373 377 2432 tenebrae
395 2374 502 2449 noctis,
521 2393 598 2449 quae
616 2392 725 2451 sopora
739 2377 785 2434 est
797 2375 854 2434 hoc
868 2379 914 2435 est
930 2374 1084 2434 abundans
1098 2393 1210 2434 somno.

194 2480 317 2537 corpora
335 2465 403 2522 vica
424 2465 512 2537 nefas
533 2462 636 2537 Styyia
658 2467 771 2522 vectore
793 2466 914 2523 carino:
943 2467 979 2523 ut
1002 2466 1102 2523 autem
1126 2466 1210 2524 vivos

193 2553 333 2610 treiciam
346 2552 430 2611 nefas
445 2554 497 2612 esi,
529 2570 582 2611 nec
598 2569 666 2612 cero
678 2551 805 2612 Alciden
823 2571 868 2611 me
880 2572 947 2612 eum
960 2553 1085 2614 leonius
1099 2556 1212 2612 eonion

156 2642 338 2715 :suscepisse
369 2642 436 2700 loca
466 2659 519 2700 nec
549 2642 661 2701 Mesoa
687 2642 921 2716 Pirithoumque,
948 2643 1006 2702 diis
1033 2660 1212 2718 quamquem

191 2731 282 2803 cerriti
304 2734 390 2804 atquc
411 2731 513 2790 invicti
530 2731 644 2789 cirsiaco
666 2734 774 2790 esseni:
797 2731 849 2791 dat
872 2750 974 2792 eorum
999 2732 1134 2809 exempla
1158 2734 1211 2808 qui

193 2818 273 2894 apud
296 2818 407 2878 inferos
431 2819 549 2878 inlicita
572 2819 790 2880 commisissent
812 2821 866 2881 sub
890 2841 926 2880 ea
949 2824 1111 2898 occasione,
1131 2820 1211 2897 quod

192 2907 316 2967 deorum
336 2909 482 2986 originem
501 2908 649 2968 ducerent.
687 2910 862 2969 Tartaream
879 2910 930 2970 ille
946 2929 1039 2970 mcccc
1058 2910 1201 2970 custodem
1211 2917 1263 2967 395

266 3085 280 3131 1
300 3079 435 3133 Palinuri
453 3078 496 3133 ed.
563 3079 732 3134 evenientes
749 3079 775 3133 V
792 3082 903 3135 veniens
921 3080 964 3134 cd.
1030 3086 1045 3133 6
1065 3081 1211 3135 dictionem

190 3149 216 3204 V
235 3150 398 3204 mentionem
416 3148 459 3203 ed.
529 3154 546 3203 8
564 3166 724 3219 conpraeme
742 3150 775 3205 V.
842 3156 875 3205 10
894 3154 1060 3222 ecempla—
1073 3159 1104 3206 11
1125 3153 1211 3218 inferi

190 3221 216 3274 V
230 3223 336 3275 temere
349 3220 473 3275 mucod.
526 3227 558 3274 12
573 3222 787 3276 tacimchorr.
799 3223 842 3277 ed.
894 3222 1209 3293 13—14qo(=qu0d)

189 3292 323 3347 helineeco
340 3293 453 3346 timebat
470 3291 495 3345 V
514 3293 622 3361 quiden
640 3294 720 3347 illam
740 3294 849 3349 Charon
867 3300 885 3349 t.
902 3311 953 3349 nos
972 3297 1080 3364 quidem
1099 3294 1210 3349 Charon

189 3371 208 3419 i.
229 3363 273 3417 ed.
344 3369 377 3417 14
395 3364 488 3417 maius
506 3363 531 3417 V
549 3365 638 3434 macie
656 3365 699 3418 cd.
766 3370 799 3419 15
818 3382 880 3421 cum
898 3366 923 3420 V
941 3384 991 3421 car
1009 3382 1059 3424 nos
1078 3365 1146 3435 qaid
1164 3365 1208 3421 ed.

246 3439 279 3488 17
303 3435 385 3489 istinc
406 3437 545 3503 conprime
562 3434 588 3488 V
611 3452 680 3490 corr.
696 3435 739 3491 cd.
770 3437 774 3507 Ι
807 3454 926 3507 creseus,
950 3438 999 3491 sed
1022 3437 1053 3491 in
1076 3436 1209 3492 lemmate

187 3523 312 3577 cressum
330 3505 356 3560 V
373 3523 481 3577 crescas
499 3522 534 3559 ex
552 3507 736 3575 sequentibus
754 3506 875 3577 irrepsit.
944 3514 977 3563 18
997 3512 1081 3564 donee
1098 3508 1124 3562 V
1142 3509 1208 3563 dum

189 3577 234 3632 ed.
252 3584 256 3644 1
272 3578 364 3632 edicae
381 3577 407 3631 V
425 3578 504 3632 dicae
521 3576 564 3632 ed.
626 3582 731 3631 18—19
750 3578 874 3646 deficeres
892 3597 939 3635 sue
957 3586 1018 3635 tuoe
1035 3580 1061 3634 V
1080 3597 1147 3634 corr.
1163 3579 1207 3633 ed.

245 3653 278 3701 21
297 3656 411 3717 superat
428 3649 455 3702 V
471 3649 579 3703 habitat
597 3649 639 3703 ed.
728 3655 761 3702 23
780 3657 856 3705 vecta
873 3651 906 3704 V.
992 3658 1025 3706 25
1040 3653 1207 3721 pmthoum·

189 3736 242 3790 que
259 3719 293 3774 V.
311 3722 315 3789 Ι
335 3721 408 3774 dicis
425 3721 450 3775 V
469 3721 525 3775 diis
543 3722 586 3790 (ui
605 3719 677 3774 solet
696 3719 777 3791 Don.)
796 3721 839 3775 ed.
901 3726 934 3775 27
953 3724 1145 3779 cornmiecrant
1164 3723 1207 3778 ed.
