2734 4159
175 325 252 380 XXX
431 338 433 343 '
580 325 786 381 PRAEFATIO

177 496 301 555 schedae
323 494 554 553 Ferrarienses“.
600 494 673 554 haec
697 513 787 569 quam
811 496 928 575 egregie
956 513 1024 554 cum
1052 494 1197 553 carminis

175 584 314 644 laudibus
347 586 536 643 consentiant
566 602 652 643 nemo
686 587 731 643 est
762 586 836 659 quin
862 584 972 643 videat.
1018 600 1072 642 nec
1099 582 1195 642 dictio

175 674 314 733 carminis
347 672 384 731 ab
416 673 471 731 illa
503 676 601 732 aetate
634 672 734 732 aliena
762 676 818 747 est3
855 692 925 732 nam
953 669 1109 748 „praeeul“
1136 690 1194 748 pro

175 762 313 838 episcopo
346 765 378 820 in
411 762 530 821 Servati
556 762 636 837 Lupi
668 762 804 837 epistolis
837 780 938 839 saepe,
970 758 1122 837 „culmeu“
1155 760 1194 820 de

174 851 322 929 dignitate
347 851 489 910 abbatum
513 852 671 928 aliquoties
694 853 896 910 inveniuntur.
937 854 1006 927 post
1028 849 1194 909 Albustum

174 942 256 999 intra
288 960 338 1001 eos
370 942 513 1000 terminos
547 940 655 1016 quibus
688 941 821 1016 „Aldrici
853 940 889 998 de
925 940 1018 1000 hatra
1055 938 1193 1014 nepotis“

175 1033 259 1089 aetas
286 1032 396 1090 natura
421 1029 526 1088 finitur
552 1030 584 1088 in
612 1029 754 1088 abbatum
777 1029 1013 1088 Ferrariensium
1041 1028 1115 1088 serie
1138 1047 1193 1087 no-

174 1120 249 1177 mini
273 1119 353 1194 quod
377 1121 547 1195 quaerimus
570 1119 653 1177 locus
676 1138 736 1177 non
759 1120 920 1178 invenitur.
967 1118 1074 1195 quodsi
1097 1116 1193 1175 Albu-

175 1210 255 1267 stum
281 1210 330 1267 vel
357 1210 484 1285 triginta
511 1208 559 1266 vel
587 1207 660 1266 adeo
690 1209 909 1285 quinquaginta
937 1208 1023 1267 annis
1045 1208 1194 1265 minorem

175 1316 265 1374 quam
288 1298 443 1357 Aldricum
466 1300 608 1372 patruum
631 1298 723 1355 fuisse
750 1299 957 1371 statuerimus,
984 1296 1083 1355 locum
1109 1295 1195 1355 intra

175 1388 306 1462 quinque
333 1387 441 1445 ultima
469 1386 582 1445 saeculi
608 1388 680 1444 noni
707 1387 803 1445 lustra
828 1385 1003 1445 habebimus
1027 1404 1193 1462 congruum

173 1476 263 1534 morti
287 1476 416 1534 hominis
439 1476 491 1552 qui
515 1477 601 1551 „post
623 1475 696 1533 felix
719 1477 835 1534 senium
857 1476 951 1534 vitam
970 1494 1037 1534 cum
1055 1477 1194 1549 tempore

174 1563 291 1640 liquit“.
328 1564 397 1623 illos
415 1565 510 1641 igitur
527 1566 608 1622 intra
627 1583 773 1623 annorum
791 1566 934 1623 terminos
954 1563 1083 1622 codicem
1102 1563 1192 1641 Regi·

174 1672 294 1712 nensem
318 1654 492 1712 correctoris
515 1671 638 1711 manum
660 1652 775 1713 subisse
799 1656 837 1730 et,
859 1656 931 1729 quia
949 1653 1067 1711 librarii
1084 1671 1194 1713 manus

173 1744 234 1800 fere
258 1743 392 1818 aequalis
415 1742 542 1816 videtur,
560 1761 620 1800 non
643 1743 739 1801 multo
763 1746 833 1801 ante
856 1744 1001 1819 scriptum
1025 1759 1087 1800 esse
1110 1744 1194 1801 recte

174 1830 410 1890 existimabimus
434 1834 532 1907 atque,
556 1835 591 1889 ut
613 1831 810 1907 Reginensem
833 1831 992 1907 posteriori
1015 1832 1095 1907 parti
1118 1833 1193 1889 noni

174 1921 294 1996 saeculi,
316 1922 362 1979 ita
383 1920 618 1979 Laurentianum
642 1924 672 1979 et
686 1921 868 1979 Vaticanum
890 1922 1060 1979 litterarum
1083 1938 1192 1996 genere

175 2011 330 2087 aliquanto
354 2010 532 2069 vetustiores
552 2010 646 2085 priori
664 2008 873 2071 adscribamus.
910 2009 1108 2068 Ferrariensis
1127 2028 1193 2068 mo-

173 2101 286 2159 nachus
314 2100 453 2158 carminis
482 2101 587 2158 auctor
612 2098 751 2173 idemque
779 2102 927 2158 corrector
957 2099 1065 2158 codicis
1097 2098 1193 2158 fuisse

173 2188 305 2263 videtur,
324 2190 513 2263 nequeenim
527 2190 590 2247 veri
604 2188 702 2246 simile
721 2190 767 2247 est
786 2186 904 2246 Servati
921 2187 1001 2263 Lupi
1018 2187 1191 2264 discipulos,

174 2294 241 2335 cum
269 2295 322 2336 suo
350 2278 382 2335 in
409 2297 532 2336 numero
559 2277 676 2335 nullum
701 2278 869 2335 invenirent
892 2277 944 2353 qui
967 2296 1069 2336 versus
1092 2277 1192 2336 facero

174 2369 282 2441 posset,
306 2366 396 2424 alieni
419 2367 594 2427 monasterii
616 2366 762 2423 auxilium
784 2366 968 2441 implorasse.
1016 2365 1096 2441 apud
1119 2365 1190 2423 Fer·

172 2456 318 2514 rarienses
345 2454 439 2532 igitur
466 2458 594 2531 scriptus
622 2458 771 2515 correctus
795 2458 977 2529 asservatus,
1004 2459 1039 2514 ut
1061 2454 1191 2529 videtur,

173 2542 249 2602 liber
271 2548 377 2619 postea
398 2547 431 2602 in
453 2547 575 2621 reginae
594 2543 763 2603 Christinae
780 2543 992 2604 bibliothecam
1011 2547 1101 2619 atque
1119 2544 1189 2601 inde

172 2635 205 2691 in
228 2632 407 2691 Vaticanam
434 2635 524 2692 venit.
570 2636 646 2692 teste
674 2635 861 2707 ,recensione
888 2654 979 2693 mann
1009 2635 1189 2709 scriptorum

173 2722 308 2781 codicum
331 2722 383 2797 qui
406 2741 441 2780 ex
463 2722 603 2782 universa
620 2721 802 2782 bibliotheca
815 2722 963 2782 Vaticana
981 2725 1065 2782 iussu
1083 2722 1132 2779 Pii
1145 2722 1190 2780 VI

173 2810 323 2887 pontificis
346 2812 469 2868 maximi
491 2811 587 2887 pridie
610 2810 920 2871 id.Iul.anni1797
945 2810 1189 2888 procuratoribus

174 2898 329 2960 Gallorum
343 2901 408 2959 iure
422 2898 494 2958 belli
508 2917 560 2958 seu
576 2903 733 2974 pactarum
751 2901 940 2960 induciarum
958 2920 1028 2979 ergo
1048 2904 1077 2961 et
1095 2900 1189 2958 initae

173 2990 255 3066 pacis
277 2989 385 3048 traditi
407 2988 507 3047 fisere¹⁴
530 2989 580 3047 hic
602 3008 721 3064 quoque
745 3009 825 3063 „nro.
846 2992 909 3048 442
935 2990 1055 3048 membr.
1079 2991 1111 3047 in
1136 2990 1187 3049 fol.

172 3097 249 3137 max.
274 3081 413 3138 constans
441 3096 530 3155 pagg.
552 3077 614 3136 198
644 3082 755 3137 exerat.
782 3098 856 3138 saec.
880 3080 907 3137 X
935 3080 1045 3137 contin.
1069 3076 1188 3137 Claudii

173 3166 286 3227 Donati
308 3168 590 3243 interpretationum
604 3165 849 3242 Vergilianarum
867 3167 1015 3227 Aeneidos
1033 3166 1124 3227 libros
1143 3166 1187 3225 X“

173 3248 256 3337 (sict)
284 3276 338 3330 „ex
370 3256 473 3315 latinis
505 3254 702 3314 bibliothecae
729 3257 948 3316 Alexandrinae
976 3275 1028 3316 seu
1055 3256 1187 3333 Reginae

174 3344 352 3404 Succorum“
379 3346 510 3403 traditus
538 3347 584 3402 est
610 3343 760 3421 habetque
787 3346 875 3405 hodie
904 3364 1020 3421 quoque
1047 3347 1080 3403 in
1107 3346 1187 3404 calce

173 3437 292 3513 signum
319 3434 499 3511 reipublicae
524 3432 664 3492 Gallicae.
710 3437 778 3510 post
802 3434 986 3511 Napoleonis
1014 3434 1128 3494 cladem
1155 3436 1187 3492 in
1209 3485 1216 3498 ,

172 3523 352 3582 Vaticanum
373 3522 584 3582 bibliothecam
602 3522 700 3581 rediit.
716 3555 757 3565 -
778 3524 892 3584 contuli
910 3523 1019 3583 codicis
1038 3524 1129 3583 libros
1143 3522 1187 3581 IV

169 3616 203 3669 et
231 3612 259 3667 V
285 3615 365 3671 totos
398 3616 427 3671 et
454 3612 561 3672 decimi
589 3615 734 3686 quantum
763 3616 909 3688 superest,
937 3616 1091 3688 praeterea
1118 3631 1186 3687 pro-

150 3700 287 3757 oemium
312 3704 346 3759 et
364 3702 463 3779 primi
484 3702 558 3763 libri
581 3704 702 3781 partem
725 3704 812 3762 annis
836 3704 921 3762 1901
946 3705 976 3761 et
1001 3702 1096 3775 1902,
1119 3719 1187 3759 cum
