2734 4159
574 295 757 359 iambos
774 301 802 358 11
1137 304 1200 370 189

182 474 269 550 quies
292 489 363 551 ergo
385 472 560 532 dormientis
583 473 712 548 abrupta
734 475 789 532 est.
828 478 855 533 ct
872 476 979 533 sunni
996 476 1118 549 fusdpe'o
1137 477 1201 535 out

182 577 307 622 1111111
328 579 434 647 supero
457 566 542 635 atoue
565 565 687 621 arrecto
710 563 833 621 auribnus
856 559 954 621 ausu.-
977 563 1068 638 volui,
1090 566 1199 639 inquit,

183 650 256 730 qaid
288 668 395 710 censae
426 655 504 711 esset
535 652 689 729 explorare
720 645 757 711 dc
784 668 909 710 summo.
954 670 1076 711 escensu
1102 652 1199 731 igitur

181 758 249 799 meo
273 742 414 815 superari
435 757 584 800 summum
605 744 719 800 tectum
741 743 773 799 et
795 741 919 801 attentis
940 741 1062 799 auribus
1081 742 1200 820 singula

154 828 269 905 accepi
293 832 422 905 captare,
445 830 701 906 conprehensums
724 829 837 889 scilicet
860 846 895 887 ex
919 830 981 889 alto
1005 847 1082 905 quse
1104 830 1201 890 videri

182 912 238 995 per
260 918 397 978 incendia
419 923 541 995 possent
563 919 612 978 vel
634 918 783 977 audiendo
806 920 952 997 cognosci.
997 919 1095 977 mittit
1117 921 1199 978 111111-

183 1006 357 1082 litudinem·,
383 1010 417 1066 ut
440 1008 579 1067 ostendat
602 1007 851 1083 quemadmodum
875 1008 982 1067 civitas
1005 1007 1130 1066 ardebat
1151 1009 1199 1068 'vel

185 1097 437 1172 quemadmodum
460 1100 603 1172 strepitus
625 1097 674 1156 vel
693 1098 837 1156 clamores
855 1096 965 1157 diversi
983 1097 1143 1156 veniebant
1160 1098 1199 1155 ad

185 1186 267 1245 auris
291 1187 363 1260 eius,
387 1203 562 1261 comparans
587 1185 643 1244 sibi
665 1188 827 1266 pastorem,
845 1189 960 1263 segetes
978 1204 1047 1245 vero
1067 1184 1199 1245 ardentis

141 1298 170 1338 so
184 1277 324 1334 incensae
345 1275 472 1351 patriae,
495 1276 639 1333 maiorem
662 1276 724 1333 vim
746 1276 855 1333 maiori
877 1276 1199 1348 violentiae-fruentis

185 1367 302 1423 austros
325 1364 525 1423 saevientibus
549 1362 678 1423 Graecis.
715 1362 825 1423 idcireo
849 1366 893 1423 ait
915 1367 948 1422 in
969 1368 1090 1438 11911111
1111 1365 1199 1424 ueluti

184 1471 250 1512 crem
268 1456 390 1525 tiammo
407 1454 573 1525 furentibus
590 1454 703 1512 austrie
719 1452 824 1511 incidit
840 1458 894 1512 aret
909 1453 1035 1527 rapidus
1052 1458 1189 1512 montano
1200 1459 1252 1509 305

183 1543 306 1614 flumine
334 1545 446 1601 torrem
475 1545 578 1601 sternit
605 1558 705 1615 apros,
732 1544 836 1601 1111111
860 1547 928 1602 sota
954 1544 1032 1602 taeta
1059 1544 1199 1615 boumque

183 1632 299 1691 labores
315 1632 546 1706 praecipitesque
569 1632 659 1690 notit
679 1631 779 1698 situas,
802 1635 898 1705 stupet
918 1634 1029 1691 1111111
1047 1632 1105 1690 atto
1125 1635 1198 1691 1111-

144 1744 170 1783 15
179 1722 268 1795 piens
289 1722 416 1779 11111111
437 1722 505 1779 soni
526 1722 562 1779 de
583 1722 687 1779 1111111
704 1725 818 1793 putor.
862 1725 924 1779 tum
946 1737 1015 1779 cero
1039 1723 1198 1795 manifesto

183 1811 258 1882 fides
276 1809 474 1883 Danaumque
491 1813 648 1883 patescunt
667 1810 803 1869 inuidiae.
843 1812 923 1885 tunc,
941 1811 1049 1886 inquit
1068 1811 1189 1869 incertis
1199 1817 1252 1866 310

184 1904 216 1957 et
239 1898 337 1957 dubiis
359 1898 563 1957 recedentibus
582 1899 742 1957 manifesta
761 1900 872 1957 veritas
889 1901 997 1975 patuit,
1016 1902 1088 1958 tunc
1107 1898 1197 1959 Grae·

183 2006 286 2047 corum
308 1987 435 2045 insidiae
458 1987 680 2047 dominantibus
703 1989 765 2046 iam
787 1984 876 2047 malis
898 1990 1008 2047 nostris
1037 1988 1198 2047 evidentis-

183 2080 258 2136 sime
281 2077 460 2136 claruerunt.
505 2078 636 2136 narratis
659 2078 775 2135 interea
798 2095 874 2153 quae
898 2077 1019 2136 auribus
1043 2082 1198 2152 acceperat

144 2166 292 2241 reincipit
317 2167 428 2224 referre
455 2166 536 2242 quod
560 2164 732 2242 pertinebat
758 2165 797 2223 ad
824 2167 936 2225 nsum:
967 2168 1029 2224 icon
1053 2166 1198 2239 Deiphobi

183 2254 264 2314 dedit
290 2255 391 2328 amplo
417 2257 538 2314 rutnans
567 2255 698 2314 Vulcano
724 2258 881 2328 superante
904 2256 1019 2322 donus,
1048 2257 1110 2313 ion
1126 2272 1198 2328 pro·

183 2346 281 2403 aimus
300 2344 383 2402 ardet
406 2343 745 2417 nortpertinorum
766 2345 843 2416 freto
866 2342 928 2402 lata
950 2344 1083 2402 relucent.
1127 2345 1197 2415 iarn,

183 2432 292 2508 inquit,
314 2432 440 2491 ardebat
462 2433 605 2509 quiequid
626 2432 737 2491 nostris
759 2432 923 2507 parietibus
943 2434 1112 2508 proximum
1130 2433 1198 2508 11111,

183 2520 333 2597 Deiphobi
364 2524 395 2580 11
426 2518 605 2600 Ucalegonis
639 2522 759 2596 domus,
793 2522 855 2580 iarn
890 2522 1017 2579 funestis
1052 2522 1197 2582 incendiis

144 2631 169 2673 se
183 2610 301 2686 patriae
318 2610 532 2669 inluminatum
549 2612 648 2670 fuerat
661 2630 752 2671 mare.
782 2612 911 2670 aaron
924 2611 1087 2685 clamorque
1100 2612 1198 2670 cirum

184 2702 358 2773 rtanporpnc
376 2702 526 2759 tuborum:
549 2720 585 2759 eo
605 2702 745 2777 pertinet,
765 2702 837 2776 quia
855 2699 932 2758 dixit
953 2702 1016 2759 tum
1040 2719 1112 2760 vero
1134 2718 1197 2759 ma·

183 2789 294 2848 nifesta
308 2788 380 2848 fides
394 2789 592 2865 Danaumque
608 2791 768 2865 patescunt
785 2790 919 2849 insidiae.
948 2792 1067 2848 tanturn
1086 2790 1196 2865 quippe

183 2879 372 2954 profecerant
391 2877 571 2938 Graecorum
594 2879 666 2954 doli,
688 2882 724 2939 ut
745 2879 821 2937 nihil
843 2881 904 2937 iam
928 2882 1094 2955 superesset
1117 2879 1197 2954 quod

184 2962 300 3026 occulte
322 2968 506 3042 molirentur,
529 2986 623 3044 usque
647 2968 721 3028 adeo
743 2970 780 3027 ut
801 2985 856 3027 nec
879 2969 1007 3027 clamare
1029 2971 1198 3027 metuerent

144 3076 170 3117 eo
184 3074 239 3114 nec
262 3074 383 3115 suorum
407 3058 521 3115 animos
544 3057 681 3115 tubarum
707 3056 896 3135 clangoribus
919 3059 1056 3116 excitare.
1097 3055 1198 3115 videa-

183 3164 250 3204 mus
272 3146 321 3204 bic
344 3146 442 3221 qualis
464 3147 583 3205 Aeneae
606 3148 753 3204 1111111111
775 3145 907 3221 inducat,
931 3147 980 3204 cui
1002 3148 1102 3223 imago
1121 3144 1196 3203 Hec-

183 3234 257 3293 toris
276 3234 450 3311 fugiendum
464 3235 579 3293 dixerat
593 3238 623 3293 et
637 3235 722 3293 cuius
736 3234 904 3310 aspectibus
922 3234 1062 3293 interitus
1080 3236 1196 3309 patriae

184 3319 364 3394 subiacebat.
411 3323 526 3396 audito,
553 3324 665 3400 inquit,
693 3324 835 3382 tabanum
862 3323 1001 3401 clangore
1031 3325 1061 3381 et
1093 3326 1196 3398 aperto

184 3410 298 3471 excidio
322 3412 454 3471 civitatis
478 3429 616 3473 accensus
639 3432 699 3471 non
722 3413 796 3491 fugi,
820 3414 854 3471 ut
876 3411 999 3471 Hectori
1021 3412 1120 3470 risum
1143 3415 1197 3485 est,

258 3616 605 3673 incursitatione
671 3617 856 3675 attonuit
875 3616 1046 3674 11111111.
1112 3621 1155 3667 at
1173 3616 1221 3664 ’11-

185 3689 305 3742 ducatnr
320 3690 361 3743 ed,
435 3693 471 3742 32
485 3690 656 3763 fupr'errdnm
675 3691 730 3747 th
750 3694 770 3764 f.
786 3711 843 3752 esse
863 3693 949 3761 adt
977 3687 1135 3759 1111111111
1151 3682 1206 3735 ab.
