2734 4159
541 286 755 347 AENEIDOSI
780 300 785 324 ²
1092 287 1156 352 139

139 473 194 530 que
220 457 326 516 tnendo
347 457 508 517 Phoenissa
535 461 562 515 et
581 458 699 531 pariter
716 474 813 531 pnero
833 458 973 531 donnqne
994 454 1156 533 noceturJ:

140 563 207 603 cum
230 546 335 621 omnis,
357 545 468 623 inquit,
489 549 605 605 teneret
628 545 798 621 admiratio,
820 549 886 605 tum
908 566 978 607 vero
997 546 1155 621 Didonem,

139 654 215 711 quae
243 654 303 694 non
329 634 498 696 satiabatur
523 634 665 710 videndo,
697 634 750 694 sed
776 653 887 713 magna
918 636 1154 696 consideratione

139 723 291 783 nutriebat
317 724 487 785 incendium
514 724 650 785 sensibus
678 725 754 801 suis,
782 724 861 800 quod
888 725 988 783 fueret
1010 727 1154 800 peritura

97 836 123 879 ,s
139 813 267 873 ardescit
289 814 401 874 tuendo
422 832 441 873 a
460 816 609 874 contrario
627 815 743 889 posuit3
766 814 963 874 consideratio
982 815 1062 873 enim
1080 816 1154 874 satis

137 904 255 961 intenta
277 902 432 972 fastidium
450 922 556 978 parere
575 903 670 978 debet,
689 922 749 963 non
767 903 946 979 inexplebile
964 901 1154 969 desiderium.

137 993 185 1050 ille
216 992 267 1051 ndi
299 993 440 1066 conplenn
469 990 589 1052 Aeneae
624 992 751 1067 conone
782 993 937 1067 pependit:
973 991 1065 1050 etiam
1096 992 1207 1052 hict15

135 1099 279 1159 magnum
306 1084 413 1157 poetae
441 1081 611 1160 consilium3
647 1082 745 1159 primo
773 1081 853 1140 enim
876 1079 1052 1156 obsequium
1073 1080 1155 1156 patri

135 1170 247 1229 Ascani
270 1172 489 1246 repraesentari
511 1174 700 1246 convenerat,
717 1174 753 1230 ut
774 1172 840 1245 ipso
863 1169 1004 1247 primitus
1024 1171 1057 1228 in
1076 1183 1154 1228 erro-

92 1283 123 1326 10
136 1279 199 1317 rem
217 1260 308 1319 misso
327 1259 624 1338 transfigurationem
642 1279 702 1320 non
720 1260 929 1338 intellegerent
947 1260 1040 1319 etiam
1054 1258 1153 1322 ceteri.

137 1351 229 1423 atque
252 1350 297 1407 ita
320 1348 434 1409 iactum
457 1352 514 1422 est,
546 1367 618 1407 nam
640 1350 775 1409 secutum
798 1351 844 1408 est
872 1352 899 1407 et
919 1364 1059 1423 mwnnrn
1082 1348 1155 1421 salsi

135 1438 257 1510 innitenti
276 1439 416 1512 cecinna
439 1455 576 1506 omnem,
599 1439 734 1512 repinam
752 1440 838 1511 petit:
869 1438 940 1498 falsi
962 1437 1071 1515 inquit,
1094 1455 1153 1495 non

135 1526 216 1601 quod
239 1546 300 1585 uon
323 1529 400 1586 essct
419 1529 505 1603 pater
523 1527 595 1602 eius,
614 1525 666 1585 sed
685 1525 766 1603 qnod
784 1526 906 1587 Aenean
924 1526 1025 1603 ipsum
1042 1525 1155 1589 Ascani

135 1616 253 1689 patrem
276 1616 373 1693 primo
397 1614 549 1677 subtiliter
569 1614 684 1693 Oupido
707 1615 873 1690 fefellisset,
893 1618 965 1693 quia
983 1615 1101 1681 Aeneas
1121 1614 1154 1673 in

95 1707 256 1768 retentum
280 1722 410 1763 errorem
432 1704 541 1764 missus
565 1707 619 1778 est,
642 1706 677 1764 ut
700 1704 898 1765 arbitraretur
920 1724 951 1765 se
974 1704 1070 1786 filium
1091 1723 1154 1763 am-

135 1793 227 1867 plecti
254 1796 285 1852 et
313 1793 445 1853 osculari
472 1794 667 1869 praesentem.
714 1812 784 1871 ergo
807 1813 868 1854 non
890 1794 1085 1871 intellegente
1108 1796 1152 1852 in-

135 1881 226 1941 sidias
249 1885 336 1957 patre
360 1884 449 1958 quasi
470 1889 576 1942 nemin
598 1882 727 1959 hospitis
750 1882 846 1942 filium
868 1884 1038 1944 venientem
1061 1882 1153 1947 adse

133 1971 239 2048 regina
266 1971 406 2046 suscepit.
450 1972 522 2032 baec
549 1972 655 2041 endis,
680 1972 753 2032 hoec
773 1976 891 2046 parcre
918 1976 973 2031 toto
1002 1972 1102 2036 naen
1128 1976 1155 2029 et

134 2061 281 2119 interdnm
301 2063 412 2134 premio
434 2061 525 2133 fooet:
552 2060 692 2121 exhibens
716 2080 834 2121 omnem
855 2059 1076 2121 benivolentiae
1101 2060 1152 2118 ad-

92 2171 120 2213 eo
135 2150 246 2207 tectum
273 2148 447 2209 intuebatur
475 2169 542 2208 eum
569 2150 697 2210 libenter
720 2154 750 2209 et
772 2150 924 2210 interdum
946 2150 1060 2228 gremio
1085 2167 1152 2208 con-

133 2238 258 2297 tinebat.
303 2240 398 2298 inscia
420 2240 501 2299 Dido
522 2241 636 2300 insidat
656 2244 784 2313 ananim
806 2241 930 2300 sannae
953 2240 1039 2299 dens:
1065 2238 1152 2299 tanto

133 2327 275 2387 libentius
289 2348 416 2403 pnemm
429 2328 591 2405 inprudens
605 2327 684 2388 Dido
703 2328 817 2407 gremio
836 2327 1024 2403 confovebat,
1039 2328 1151 2404 quanto

134 2416 286 2477 nesciebat
310 2418 429 2493 qualem
453 2418 540 2477 deum
564 2418 737 2478 admoveret
760 2418 946 2495 amplexibus
969 2418 1040 2478 suis.
1077 2415 1152 2475 bene

134 2508 236 2564 autem
263 2507 404 2565 miseram
430 2507 507 2566 dixit
532 2527 609 2583 qnae
631 2509 738 2586 ignara
761 2510 914 2584 gestorum
936 2505 1097 2585 benignum
1120 2506 1152 2565 in

91 2617 119 2657 25
134 2594 270 2654 omnibus
294 2595 428 2654 animum
447 2595 700 2674 repraesentabat,
720 2615 796 2673 quae
820 2614 884 2656 esse
903 2595 1004 2673 potuit
1021 2595 1153 2671 inimica,

134 2702 203 2741 cum
222 2704 257 2742 ex
276 2704 310 2743 eo
329 2686 395 2760 ipso
414 2687 572 2760 pararetur
588 2684 627 2743 ad
640 2688 776 2745 mortem.
809 2689 841 2745 ot
852 2703 962 2745 mentor
975 2686 1025 2745 ilie
1038 2687 1206 2745 natristao

132 2771 290 2832 Acidaliae
307 2774 458 2847 paniotirn
476 2766 589 2835 notae
606 2774 770 2849 Sychaeum
786 2776 891 2849 incipit
908 2779 934 2833 et
951 2776 1017 2834 nico
1035 2778 1154 2848 ternptot

127 2866 315 2935 precinere
342 2879 441 2921 enine
467 2865 529 2923 nn
551 2865 670 2937 pridem
697 2865 806 2923 resides
838 2866 953 2924 onineos
979 2865 1153 2937 dnneww

132 2952 240 3021 eorda·
271 2970 365 3010 novus
394 2950 473 3010 enim
500 2970 585 3011 amor
611 2952 717 3011 inferri
744 2972 804 3013 non
831 2955 945 3029 posset,
977 2952 1037 3012 nisi
1065 2954 1152 3012 vetus

205 3180 221 3227 2
241 3175 375 3231 admirati
391 3179 450 3231 tnnc
467 3191 511 3230 mo
525 3174 578 3228 LR
595 3175 818 3231 admirationem
831 3178 920 3247 napis
938 3194 952 3229 r
970 3193 995 3229 o.
1011 3192 1041 3230 eo
1054 3193 1090 3234 rn.
1108 3175 1151 3227 ed.

131 3264 159 3299 c.
179 3251 239 3299 tnna
255 3262 318 3301 vero
336 3262 395 3300 noe.
452 3247 513 3301 tsi
529 3245 582 3300 LR
600 3247 647 3301 ead
664 3264 679 3298 r
698 3245 741 3300 ed.
796 3252 814 3299 4
833 3248 906 3315 qnod
923 3246 976 3299 th
993 3246 1036 3300 ed.
1056 3262 1109 3315 qno
1128 3244 1151 3299 0

132 3318 229 3376 nescio
248 3319 388 3378 annecte.
409 3319 413 3386 Ι
432 3318 561 3387 perituro
580 3316 633 3370 LR
646 3322 813 3387 perceptura
831 3318 874 3372 ed.
948 3322 964 3371 e
983 3317 1153 3385 ardescitque

133 3389 177 3443 ed.
195 3392 199 3457 Ι
220 3390 435 3444 considerationi
452 3388 505 3443 th
523 3389 566 3443 ed.
585 3389 768 3444 consideratio
786 3391 860 3444 enirn
877 3404 936 3443 nos.
1011 3393 1027 3443 6
1045 3390 1152 3443 intentu

132 3460 186 3513 LR
204 3462 325 3515 intentae
343 3461 387 3515 ed.
478 3461 658 3527 temedium
676 3460 729 3513 th
751 3477 774 3516 c.
793 3467 833 3517 est
850 3460 894 3517 ed.
987 3466 1020 3513 12
1038 3458 1154 3529 inplebit

132 3531 187 3585 LR
206 3532 312 3585 corrL
331 3532 393 3601 ipse
411 3550 432 3585 r.
507 3538 541 3586 14
559 3534 609 3602 qni
626 3530 679 3585 LR
696 3547 751 3601 qno
770 3532 814 3587 ed.
833 3532 901 3601 qnia
919 3548 979 3585 nos.
1054 3536 1086 3584 15
1106 3548 1151 3584 or·

132 3604 305 3657 bitrorentnr
326 3602 352 3655 R
375 3620 443 3657 corr.
462 3621 484 3659 r.
577 3608 610 3657 18
633 3604 760 3674 recinam
782 3602 815 3658 n.
917 3608 950 3658 ιθ
974 3619 1087 3657 mnam
1101 3602 1178 3651 Ub-

132 3674 260 3728 omnibns
278 3673 321 3728 ed.
352 3678 356 3743 Ι
390 3675 528 3741 adfectam
546 3674 599 3729 th
616 3681 759 3749 aspectant
778 3674 826 3732 ed.
926 3679 968 3727 m
985 3672 1119 3727 insideat
1135 3664 1189 3718 eb-
