2734 4159
360 364 367 378 ·
482 393 486 398 .
571 350 754 406 sunalbus
773 352 811 405 Vl
1137 351 1201 416 541

184 520 379 595 arbitrantur,
401 520 453 581 sed
476 520 556 596 qnod
574 521 615 580 sit
633 520 808 595 altissimus,
831 523 861 579 et
879 520 934 579 hoc
953 521 1049 598 magis
1067 520 1202 600 tetigisse

184 609 361 690 Vergilium,
384 609 435 669 sed
462 628 523 669 non
545 610 601 668 hoe
624 611 757 685 positum
780 612 838 683 est3
870 628 941 667 nam
968 611 1021 685 qui
1048 609 1124 669 dixit
1151 612 1203 687 qui

183 718 261 759 nune
283 700 417 759 Misenus
440 698 555 757 abillo
579 698 689 758 dicitur
711 699 842 758 ostendit
865 716 883 756 a
906 698 1056 757 veteribus
1078 699 1203 759 Aerium

183 790 399 864 nuncupatum.
451 807 522 847 nam
554 806 630 863 quae
661 790 738 848 esset
770 786 877 846 Miseni
910 786 1007 864 gloria
1039 791 1092 848 aut
1123 788 1202 848 unde

159 877 311 939 oaciretnr
327 876 427 953 ipsum
444 877 586 953 positum
605 879 632 936 si
650 895 711 936 non
729 877 777 935 illi
795 876 892 936 monti
905 879 1020 936 remoto
1041 878 1202 953 superioris

183 965 327 1043 temporis
350 965 496 1026 vocabulo
519 965 626 1025 Miseni
649 985 757 1026 nomen
781 969 858 1025 esset
881 963 1072 1041 adpositum?

250 1056 313 1115 Hbs
334 1058 407 1114 aclis
428 1073 554 1129 propere
582 1057 732 1129 exequitur
753 1058 913 1129 praecepte
935 1053 1077 1128 Sibyllae:
1104 1058 1203 1114 totum

184 1147 344 1221 propterea
362 1145 511 1204 adseritur
528 1145 633 1204 fecisse
647 1146 696 1205 vel
710 1146 815 1218 facere,
839 1144 919 1220 quod
937 1144 1023 1203 illum
1038 1146 1092 1203 aut
1109 1145 1202 1205 iussio

185 1234 281 1309 patris
308 1234 467 1310 inpelleret
496 1237 549 1292 aut
575 1233 683 1293 Miseni
711 1233 836 1292 dilect-us
865 1236 993 1311 urgeret.
1040 1234 1202 1309 descriptio

152 1322 317 1383 readicitur
345 1323 446 1382 aditrm
473 1322 512 1380 ad
538 1322 656 1382 inferna
682 1323 841 1382 tendentis.
887 1324 1027 1396 spelunca
1056 1324 1118 1383 altu
1144 1326 1204 1397 fuit

186 1416 323 1487 casuque
350 1413 480 1471 iunianis
506 1412 604 1471 biatu:
633 1412 774 1487 spelunca
802 1413 863 1470 fuit
891 1411 966 1486 alta,
994 1412 1070 1471 hano
1098 1414 1203 1490 ingens

186 1499 287 1561 hiatus
309 1503 408 1559 terrae
430 1500 609 1559 naturaliter
626 1501 808 1576 profundam
826 1502 946 1559 fecerat.
987 1518 1120 1575 scrupea,
1147 1501 1203 1561 hoo

186 1594 230 1649 est
257 1589 372 1649 saxosis
399 1588 542 1650 lateribus
571 1593 661 1665 atque
691 1591 817 1665 asperis3
848 1609 908 1648 non
936 1592 1015 1649 enim
1042 1590 1127 1649 illam
1155 1608 1203 1650 ars

185 1681 400 1755 procuraverat
428 1682 481 1737 aut
503 1678 632 1738 hominis
655 1697 770 1738 manus.
816 1672 880 1739 tutu
902 1678 970 1738 lacu
991 1681 1076 1755 uipro
1107 1697 1202 1739 uuae·

155 1785 312 1841 remunerer
334 1769 471 1827 tenebrae:
493 1767 567 1827 haec
590 1768 733 1843 quoniam
756 1776 872 1844 semper
894 1771 991 1843 patet,
1019 1788 1057 1827 ne
1080 1769 1119 1828 ad
1137 1789 1203 1827 eam

188 1856 320 1934 eripiam
343 1856 384 1916 sit
410 1857 507 1916 facilis
535 1875 682 1931 accessus,
714 1876 769 1934 pro
796 1876 881 1917 muro
908 1857 999 1917 habet
1026 1858 1138 1932 lacum,
1168 1877 1203 1917 ex

186 1946 274 2005 undis
298 1947 399 2005 autem
421 1945 611 2006 horrentibus
635 1950 666 2005 et
688 1949 794 2005 taetris
819 1950 850 2005 et
873 1947 1036 2006 multarum
1063 1947 1203 2006 arborum

185 2034 316 2095 tenebris
344 2037 418 2095 satis
445 2036 545 2095 fuerat
572 2035 698 2095 occulta.
745 2053 834 2108 quum
860 2054 958 2110 super,
985 2035 1017 2094 id
1041 2039 1087 2095 est
1115 2054 1204 2112 super

185 2142 290 2201 quam,
322 2125 395 2184 boul
425 2124 504 2184 ullae
530 2129 669 2198 poteraut
694 2127 805 2198 iupuue
832 2127 961 2185 uolaules
992 2125 1108 2185 tendere
1139 2128 1257 2184 iterato

148 2216 304 2288 opimis:
331 2232 419 2289 super
445 2213 522 2274 hanc
549 2214 650 2273 nullae
679 2213 813 2274 volucres
841 2217 981 2290 poterant
1012 2216 1075 2273 sine
1106 2232 1203 2290 poena

185 2304 328 2377 transire;
351 2302 414 2360 illic
437 2302 515 2362 enim
538 2303 750 2362 moriebantur.
797 2304 871 2362 dicit
894 2323 1026 2363 causam:
1051 2304 1120 2363 talis
1142 2321 1203 2362 sese

184 2393 296 2451 beluus
318 2394 393 2451 aluis
410 2392 547 2464 faucbus
570 2392 722 2467 cffuudeue
745 2410 853 2467 supere
876 2394 916 2452 ud
938 2410 1066 2452 eouoeuu
1083 2393 1202 2467 ferebat.

185 2482 334 2557 quantum
355 2482 501 2540 momenti
522 2480 628 2540 avibus
651 2482 751 2539 fueret
774 2484 984 2556 necessarium,
1012 2483 1048 2540 ut
1073 2483 1202 2541 transire

183 2569 349 2629 incolumes
371 2567 514 2645 possent?
537 2570 589 2629 sed
611 2573 699 2629 tanta
717 2571 762 2629 vis
786 2571 945 2630 exhalabat
968 2591 1003 2630 ex
1025 2572 1087 2630 illis
1110 2571 1202 2629 fauci-

144 2677 171 2722 ιι
184 2660 256 2733 bus,
284 2662 318 2717 ut
340 2659 404 2718 illic
427 2661 538 2736 puncto
566 2660 709 2734 temporis
738 2659 830 2718 etiam
858 2661 911 2719 citi
933 2660 1053 2719 volatus
1081 2678 1202 2735 supera-

184 2752 304 2823 rentur,
331 2767 385 2807 nec
412 2749 467 2808 has
491 2748 627 2823 iuvabat,
660 2750 686 2807 si
715 2752 852 2823 peterent
875 2750 984 2825 altum3
1017 2749 1055 2808 ad
1088 2748 1202 2808 caelum

184 2837 266 2897 enim
293 2856 390 2913 usque
417 2836 610 2914 perveniebat
637 2837 780 2913 quicquid
809 2840 891 2898 lacus
919 2841 1016 2897 taeter
1045 2841 1075 2897 et
1102 2838 1202 2897 hiatus

183 2927 344 3004 speluncae
371 2926 518 2985 ructabat.
564 2932 700 3000 quatuor
723 2928 768 2986 bic
790 2928 923 3001 priscum
950 2930 1100 3002 uiprunles
1122 2932 1203 3000 leupo

258 3101 275 3149 b
293 3102 394 3152 recolo
412 3112 465 3150 om.
481 3097 524 3150 ed.
582 3102 652 3150 b—6
670 3098 796 3165 superior
813 3098 906 3152 ceteris
924 3097 949 3150 V
966 3098 1104 3165 superiori
1121 3113 1142 3151 c.
1159 3096 1202 3150 ed.

184 3168 337 3237 epea-ioue
354 3170 481 3237 leomeris
498 3186 557 3221 nos.
627 3173 641 3221 7
660 3169 776 3239 sybillae
795 3168 826 3221 V.
896 3175 912 3221 8
931 3169 1072 3223 adseratur
1090 3167 1115 3221 V
1134 3184 1203 3221 corr.

185 3239 230 3293 ed.
261 3241 266 3307 Ι
298 3240 341 3293 vel
362 3240 451 3305 faeere
470 3256 522 3292 om.
542 3241 573 3294 iel
592 3239 740 3293 substituit
759 3240 802 3293 ed.
832 3242 836 3307 l
870 3241 956 3295 iussio
974 3239 1000 3293 V
1018 3240 1086 3294 cislo
1106 3238 1149 3293 ed.

185 3316 202 3364 9
221 3310 321 3365 misem
338 3311 452 3365 diburo
466 3310 491 3361 V
505 3310 550 3379 (cf.
561 3319 586 3377 4,
597 3316 657 3364 292.
673 3317 698 3376 b,
709 3314 754 3379 85)
769 3311 897 3366 Miseuus
910 3313 1037 3366 iuventus
1051 3311 1095 3364 ed.
1118 3313 1122 3380 Ι
1141 3328 1202 3365 eur-

184 3388 259 3454 φονεῦ
275 3381 301 3435 V
320 3397 389 3434 corr.
405 3381 447 3435 ed.
465 3384 469 3450 Ι
485 3383 627 3437 descrrblio
646 3385 678 3435 ut
697 3382 862 3465 plerumque
881 3382 914 3436 V.
993 3388 1097 3465 ¹⁸ss¹9
1117 3383 1148 3437 ld
1165 3388 1204 3437 eu

184 3469 268 3578 tuf}
282 3452 1203 3594 etthelhfflttlh{rettulitretiulit

184 3594 288 3663 scripsi
307 3594 342 3648 cf.
358 3595 434 3663 quod
453 3595 584 3650 similiter
601 3596 721 3650 adnotet
741 3603 782 3663 12,
795 3600 854 3662 177,
869 3612 922 3649 om.
934 3596 976 3649 ed.
1035 3603 1067 3650 21
1088 3597 1156 3651 tales
1168 3595 1202 3649 V.

240 3671 275 3718 22
294 3666 380 3721 alitus
393 3666 426 3720 V.
444 3669 447 3736 l
463 3685 488 3720 v.
504 3673 555 3721 242
574 3684 629 3721 non
648 3667 737 3722 habet
754 3667 780 3721 V
799 3667 928 3736 interpol.
944 3667 987 3723 ed.
1060 3673 1095 3721 24
1113 3669 1160 3723 seul
1177 3666 1203 3720 V

182 3737 211 3794 ai
224 3736 289 3793 edi
302 3738 444 3792 sententia
458 3738 499 3792 ite
513 3741 633 3806 constat,
648 3739 672 3792 si
687 3747 820 3810 quantum
835 3738 1003 3807 quantulum
1017 3738 1202 3809 intellegitur.
