2734 4159
570 342 754 398 Auuamos
772 343 812 398 IV
1137 342 1220 409 407.-ι

187 514 324 588 disputat
352 530 429 587 quae
455 512 489 569 in
514 512 647 589 homine,
676 514 807 588 quaein
830 514 894 571 viro
917 511 1007 573 bono.
1020 512 1211 576 officiamus..

187 602 323 675 debeant,
346 620 430 676 quae:
445 602 562 659 Aeneas
583 620 645 659 non
664 600 775 661 habere
798 601 958 662 diceretur:
988 621 1063 663 cum.
1080 622 1137 675 me,
1159 604 1204 662 in·

187 693 268 766 quit,
296 693 434 749 cerneret.
455 690 589 765 flentem,
617 691 739 749 rimavit
766 690 939 751 inmobilis:
968 709 1044 750 cum.
1057 709 1224 769 rogantum,⁴

187 800 247 839 non
269 779 354 838 flexit
376 780 476 838 oculos
492 798 576 839 suos·
593 771 698 860 (supra
719 782 798 839 euim
816 780 893 840 dixit
916 771 1011 860 (331)
1036 780 1105 854 „ille
1121 780 1206 840 Iovis

158 870 315 930 amonitis.
341 870 460 927 inmota
488 869 610 927 tenebat
638 861 787 949 lumina“)
820 871 851 928 et
877 888 945 928 cum
972 870 1108 928 futurum
1128 888 1204 948 ,prc-

186 962 314 1017 tcstarer
329 990 331 994 Α
345 960 501 1016 interitum
531 977 642 1031 meum,
678 958 797 1017 nullum
828 977 896 1035 per.
912 958 1066 1018 lacrimas.
1085 960 1205 1037 signum

186 1046 543 1110 miserationisostendtt
561 1047 884 1107 neocasumrinfelicis
899 1047 1203 1126 amantis-‚ingemuit

185 1138 262 1195 haec
286 1138 347 1194 tria
375 1140 444 1195 sunt
469 1135 577 1211 quibus
594 1137 699 1195 taciti.
718 1136 853 1196 homines
876 1135 1035 1196 ostendant
1059 1136 1130 1211 quid
1154 1156 1204 1213 ge,-

186 1230 272 1285 ratur
289 1226 424 1297 interius,
443 1226 469 1283 si
487 1226 678 1284 miseratione
697 1228 887 1299 momontum
910 1229 964 1284 aut
983 1226 1062 1286 enim
1080 1229 1205 1303 gemunt

145 1336 173 1375 ro
187 1317 240 1373 aut
272 1315 412 1373 lacrimas
443 1313 573 1372 frmdunt
604 1317 665 1372 aut.
689 1315 790 1375 oculos
805 1314 950 1375 flectunt.
997 1333 1072 1388 quoe
1099 1316 1225 1387 quitus-z

185 1404 369 1475 crrtefercm?
413 1405 513 1477 tanta,
540 1404 653 1478 inquit,
680 1403 762 1463 mala
778 1403 878 1463 „iuxta
909 1423 968 1479 me,
996 1406 1071 1465 tam,
1088 1403 1203 1478 acerba,
1222 1454 1240 1474 ,.

184 1497 249 1551 tam
272 1492 347 1549 dura
366 1494 528 1551 commissa
551 1492 742 1568 sortitaque
762 1496 831 1553 sunt
849 1494 944 1569 paria,
962 1496 997 1551 ut
1015 1491 1203 1555 ordinatione
1219 1547 1223 1557 ,⁴

185 1583 413 1655 comparationis
432 1584 601 1656 aequentur
621 1582 652 1640 et
670 1581 818 1642 aliaaliis
836 1583 981 1657 praeferri
999 1600 1059 1642 non
1077 1582 1202 1661 possint.

184 1673 327 1729 camaram
344 1687 397 1729 uec
414 1672 545 1729 umatus
563 1670 642 1728 Iunc
663 1688 716 1730 uec
733 1669 895 1731 Saturnius
915 1672 985 1731 hoec
1007 1672 1097 1731 ocutis
1114 1676 1203 1744 puter

143 1781 170 1820 15
185 1761 292 1831 aspicit
313 1762 428 1832 aequis:
459 1763 489 1817 et
511 1758 716 1834 tamenshaea
740 1779 806 1819 cum
829 1762 909 1819 inter
932 1762 1028 1820 omnis
1050 1760 1134 1834 fiunt,
1157 1762 1208 1821 iu-v

183 1849 273 1907 iustis
289 1848 419 1907 deorum
441 1848 610 1907 luminibus.
620 1849 755 1923 placent
793 1849 919 1926 apparet
937 1868 989 1910 cur
1006 1851 1136 1925 primam
1153 1848 1205 1907 Iu-.

184 1957 294 1996 nonem
321 1936 434 2012 posuit,
462 1939 534 2011 quia
561 1936 609 1996 vei
635 1939 742 2015 regina
768 1938 891 1997 deorum
917 1938 1070 1999 vindicare
1100 1938 1203 1999 debuit

184 2028 300 2085 iniusta
327 2028 377 2084 vel·
404 2026 483 2101 quod
513 2026 606 2101 apud.
621 2024 835 2105 Carthaginem
865 2028 1024 2102 praecipue
1057 2028 1203 2093 coleretur

184 2115 234 2174 vel
261 2115 340 2190 quod
368 2114 429 2173 iam
456 2135 491 2174 ex
505 2116 590 2175 aliis
615 2119 695 2175 esset
719 2117 841 2176 inimica
864 2116 1010 2177 Troianis.
1055 2134 1219 2189 nusquam·

139 2226 169 2265 ao
183 2209 249 2262 tuta
274 2204 363 2276 fides:
395 2204 513 2279 quando
541 2206 573 2261 in
601 2204 657 2263 hac
685 2223 775 2266 causa
801 2205 874 2269 fides
900 2207 969 2264 tute
987 2204 1119 2266 inveniri
1141 2225 1218 2264 nou.

184 2295 300 2369 potuit,
332 2311 481 2368 nusquam
512 2296 565 2352 est.
612 2294 733 2372 egregia
750 2294 890 2354 ,duorum
923 2297 1080 2354 auctorum
1112 2294 1213 2370 dicta.

183 2382 398 2460 interrogantis
413 2402 521 2457 unum,
546 2383 680 2441 alterum
696 2383 867 2443 iudicantis.
909 2384 1066 2449 Terentius
1090 2384 1217 2460 quippe.

184 2473 229 2529 ait
262 2464 376 2552 (heaut.
398 2473 427 2545 2,
447 2473 476 2545 3,
496 2464 553 2552 15)
583 2492 655 2548 „pro
685 2472 834 2548 Iuppiter,
862 2472 986 2533 ubinam
1013 2474 1059 2531 est
1084 2458 1200 2534 fidest‘'‘

183 2563 305 2636 putavit
332 2563 412 2620 enim
440 2561 637 2636 quaerendam
666 2561 838 2620 existimans
862 2580 947 2637 posse
971 2579 1133 2638 congruam
1155 2580 1207 2620 re·.

140 2650 284 2725 reperiri.
330 2649 482 2725 Vergilius
511 2653 616 2708 autem
638 2650 784 2709 iudicavit
813 2650 1009 2725 quaerendam
1038 2668 1104 2708 non
1129 2668 1216 2725 esse„

184 2738 264 2814 quod
281 2740 408 2813 reperiri
425 2742 495 2797 tuta
505 2758 573 2797 non
589 2741 693 2814 posset
707 2739 890 2814 perindeque
904 2738 1099 2815 superflueret
1112 2738 1206 2800 fluxa..

183 2828 292 2904 incipit
320 2845 490 2886 enumerare
518 2827 660 2887 beneficia
690 2847 758 2901 sua,
790 2848 917 2904 quorum
949 2828 1200 2907 contemplatione
1229 2891 1232 2896 ,

184 2918 319 2993 oportuit
340 2917 489 2993 integram
511 2915 601 2975 fidem
622 2918 891 2993 intemeratamque
914 2918 1035 2976 servari.
1074 2918 1199 2987 eiectum,

183 3008 279 3073 litere,
312 3011 440 3078 epeuteu.
469 3008 564 3078 excepi
597 3011 623 3064 et
653 3009 740 3080 repet
767 3008 883 3065 doacus
914 3009 947 3065 a'u
974 3009 1062 3081 porte
1098 3007 1199 3075 locavi,

142 3116 169 3155 so
184 3097 325 3154 amissam
348 3096 481 3163 classem,
504 3096 595 3153 sectos
617 3114 637 3154 α
660 3099 749 3153 morte
771 3097 890 3154 reducet:
921 3095 1060 3169 eiectum,
1083 3095 1190 3170 inquit,
1201 3100 1253 3151 315

256 3305 427 3354 Sosteutout
446 3300 488 3353 ed.
560 3306 592 3353 12
607 3300 749 3368 patricii
764 3301 976 3369 pariar=L
1046 3306 1080 3353 14
1098 3302 1156 3354 iam
1175 3300 1209 3353 R·

182 3373 242 3424 iam
263 3373 330 3424 taur
343 3390 357 3422 r
372 3398 405 3416 =
420 3371 449 3424 L.
542 3377 575 3425 15
594 3374 771 3426 comsuuua'ter
793 3389 884 3426 omues
902 3372 954 3428 ult
977 3388 1067 3426 omues
1086 3389 1139 3425 om.
1155 3371 1198 3426 ed.

181 3460 244 3496 cum
263 3444 335 3496 iuter
354 3445 442 3497 munis
459 3459 518 3496 nos.
535 3448 539 3513 1
555 3442 693 3511 ,tuaene
710 3445 843 3510 feriuutr
859 3444 976 3509 fieutct
989 3442 1032 3497 ed.
1089 3449 1122 3498 16
1136 3444 1198 3512 pri·
1225 3512 1227 3515 y

182 3532 258 3567 mum
272 3514 315 3567 ed.
376 3520 408 3567 18
423 3516 464 3568 ccl
477 3515 550 3583 quod
562 3546 595 3554 -
608 3520 640 3566 19
655 3516 782 3583 celeret
796 3515 848 3568 LR
862 3534 885 3569 v.
897 3533 966 3584 quoe
980 3514 1046 3567 edF.
1108 3521 1141 3570 21
1152 3521 1200 3570 -est

182 3586 237 3638 LR
254 3592 293 3638 est
311 3591 371 3639 tutu
389 3587 456 3651 fides
474 3586 518 3639 ed.
591 3592 625 3638 22
643 3588 789 3641 terrentius
807 3586 860 3639 th
879 3603 947 3640 corr.
967 3605 989 3640 r.
1063 3592 1096 3640 26
1112 3588 1202 3655 possit

182 3657 236 3710 Lu
246 3657 288 3709 ed.
298 3663 386 3724 posset
400 3674 450 3710 nos
464 3659 580 3726 propter
592 3659 775 3726 superflueret.
832 3663 865 3711 29
880 3660 961 3714 tutore
973 3658 1211 3725 iuterpuuot'ioue

182 3729 310 3794 separari
326 3733 445 3794 propter
460 3730 577 3799 interpr.
654 3736 689 3785 30
710 3748 803 3788 autore
820 3731 851 3785 R
869 3752 888 3788 u
908 3737 998 3788 iuuetc
1013 3747 1041 3781 r.
