2734 4159
599 317 782 376 AENEIDOS
800 318 814 371 I
1171 318 1215 383 95

199 491 346 548 monstrat
370 487 442 562 quid
465 507 519 563 pro
543 488 640 565 gloria
664 487 861 546 Troianorum
883 488 1009 561 faceret,
1037 487 1109 564 quid
1133 488 1214 546 iucu-

198 581 274 636 teret
307 577 447 635 dolorem.
499 576 629 636 faciebat
662 577 740 634 enim
772 596 826 652 pro
863 577 961 654 gloria
993 596 1060 635 cum
1093 576 1215 635 Troiani

199 666 326 725 Graecos
342 665 575 741 insequebantur
594 669 624 724 et
642 684 697 741 pro
716 668 816 741 patria
834 666 1021 740 laborabant,
1039 666 1216 726 movebatur

200 757 285 815 dolor
309 754 360 813 ubi
383 753 489 813 Graeci
512 756 678 830 superiores
701 754 879 813 videbantur
902 758 1041 831 expressi.
1074 772 1127 813 uec
1143 772 1215 829 pro·

175 846 244 903 seul
275 844 343 902 la'uc
372 845 463 902 Rhesi
494 846 585 902 alueis
618 845 741 902 teritorio
772 845 844 903 cells
876 846 1006 916 apuosu't
1037 846 1268 913 lacrimosasl‘lo

197 937 292 1007 prium
321 951 396 1005 quac
417 934 540 1006 procl-lta
566 949 665 991 souma
695 933 821 1007 Tpdldes
848 934 941 993 mulla
967 934 1103 992 uastabat
1129 934 1216 992 caede

198 1027 348 1089 cruentus,
379 1024 564 1095 ardentisque
594 1024 698 1080 arura
725 1039 811 1096 equor
838 1025 870 1081 r'u
898 1027 1008 1090 castra,
1036 1024 1215 1095 priusquam

194 1113 310 1186 pabula
325 1116 491 1185 pustasseut
510 1112 616 1170 Troiae
635 1111 843 1184 Xanthumque
862 1113 1005 1171 bibissent.
1043 1131 1111 1170 mcx
1135 1112 1215 1170 enim

199 1206 232 1261 ut
259 1202 357 1274 venit,
386 1202 499 1260 occisus
523 1203 568 1259 est
591 1203 621 1259 et
645 1200 767 1258 abducti
790 1204 860 1259 sunt
883 1202 952 1277 equi
975 1202 1038 1261 eius
1062 1200 1100 1259 ad
1124 1198 1214 1259 Grae-

159 1310 185 1349 1o
199 1310 300 1349 corum
324 1291 598 1367 congregationem
631 1292 731 1348 castra
753 1290 833 1348 enim
855 1310 915 1349 non
939 1290 996 1349 soli
1018 1291 1147 1366 parietes
1170 1291 1214 1348 fa·

198 1382 282 1438 ciunt
309 1399 414 1438 verum
442 1380 533 1438 etiam
562 1378 687 1437 collecta
715 1381 746 1437 in
773 1400 866 1438 unum
888 1380 1019 1438 militum
1041 1378 1214 1437 multitudo.

197 1470 309 1528 idcirco
334 1471 434 1526 autem
458 1468 534 1526 dixit
557 1471 626 1526 ante
650 1470 779 1526 occisum
799 1468 929 1527 Rhesum
953 1489 1043 1544 quam
1062 1470 1132 1545 equi
1150 1470 1214 1527 eius

198 1562 251 1617 aut
288 1557 401 1632 pabula
438 1558 646 1635 degustassent
678 1558 808 1616 Troiana
841 1561 894 1615 aut
925 1558 1071 1619 bibissent
1101 1558 1215 1616 Xanthi

197 1647 324 1720 undam,
351 1649 385 1704 ut
407 1648 492 1705 exitii
515 1647 577 1706 eius
601 1650 632 1705 et
654 1648 735 1705 vitae
758 1646 848 1705 finem
871 1648 996 1707 celerem
1018 1647 1051 1706 in
1073 1649 1139 1723 ipso
1163 1647 1215 1706 ad·

156 1757 183 1795 15
197 1740 290 1795 ventu
309 1736 535 1795 demonstraret.
571 1756 638 1795 cum
658 1736 732 1795 dicit
754 1736 851 1794 multa
874 1737 962 1796 caede
985 1737 1125 1797 vastabat
1142 1736 1215 1796 Dio·

198 1825 298 1884 medes
317 1825 456 1898 tentoria,
471 1825 602 1884 ostendit
620 1845 688 1885 cum
702 1825 799 1884 Rheso
818 1826 963 1900 plurimos
978 1845 1040 1886 esse
1054 1828 1214 1901 mactatos3

197 1935 258 1973 non
285 1914 365 1972 enim
392 1914 457 1972 fieri
485 1916 585 1990 potuit
612 1917 646 1973 ut
674 1914 755 1973 solus
779 1914 817 1972 ad
841 1915 985 1973 auxilium
1009 1917 1139 1974 venisset
1162 1917 1215 1973 aut

198 2005 278 2062 solus
297 2005 329 2060 in
348 2005 477 2063 tentorio
496 2006 702 2079 requiesceret.
740 2003 889 2062 subnectit
906 2006 967 2062 iam
986 2023 1119 2081 pugnam
1138 2022 1214 2078 quae

197 2095 283 2170 gesta
316 2097 361 2150 est
392 2094 471 2151 inter
497 2093 645 2152 Achillem
675 2096 706 2151 et
734 2092 876 2152 Troilum.
922 2095 965 2152 sic
994 2094 1072 2151 enim
1099 2094 1214 2167 posuit:

153 2202 184 2241 aa
193 2186 281 2255 parre
301 2183 362 2240 alia
379 2184 496 2255 sbpleus
515 2185 633 2241 amissis
649 2182 766 2240 Troilus
785 2183 885 2250 armis,
901 2183 1002 2253 iufelr'a
1020 2199 1098 2254 puer
1121 2185 1267 2253 utqucllo

197 2275 288 2344 lupar
311 2288 479 2343 compressus
502 2271 619 2330 Achilli.
655 2271 724 2329 inde
746 2270 860 2343 infelix,
885 2273 955 2345 quia
977 2291 1052 2346 puer
1074 2273 1105 2328 et
1126 2271 1215 2345 inpar

198 2378 372 2438 congressus
392 2363 436 2418 est
456 2361 484 2418 ei
502 2362 554 2436 qui
573 2380 591 2418 a
609 2360 714 2419 iuvene
734 2362 871 2435 superari
894 2379 953 2418 non
976 2363 1083 2435 posset.
1121 2362 1215 2433 fertur

200 2451 279 2523 cquis
302 2468 448 2522 curruque
469 2452 568 2508 haeret
589 2452 746 2521 resupe'uus
768 2451 867 2517 tuum,
890 2451 955 2508 lora
978 2453 1075 2509 leucus
1103 2453 1215 2520 tantem·

197 2541 266 2597 huie
296 2541 448 2611 curiaque
479 2557 630 2612 comaeque
663 2540 820 2597 trahuntur
847 2557 903 2611 per
935 2544 1043 2597 terram
1076 2544 1102 2598 et
1130 2556 1215 2597 uersa

156 2647 185 2686 ss
194 2628 296 2701 puluis
322 2630 493 2686 iuscra'lu'tur
519 2629 618 2687 basta:
655 2627 815 2703 descriptio
845 2630 891 2686 est
921 2630 983 2687 eius
1012 2629 1064 2703 qui
1091 2627 1214 2703 supinus

198 2716 381 2776 trahebatur.
421 2720 532 2776 tuterm
555 2720 595 2776 arl
618 2718 755 2789 templum
777 2735 837 2775 uou
860 2735 970 2791 aequae
992 2717 1136 2785 Palladis,
1159 2717 1215 2775 hoc

199 2808 243 2865 est
261 2808 367 2879 iratae,
386 2808 469 2864 'itaut
486 2808 617 2865 omuibus
634 2807 750 2865 Iliades
763 2808 866 2879 passis
878 2807 1055 2880 peplumque
1073 2807 1267 2879 ferebaut480

198 2896 366 2969 sappluuer
389 2898 483 2954 tristes
507 2901 533 2954 et
555 2900 658 2953 lamsae
674 2900 795 2968 pectora
813 2897 940 2968 palmis:
970 2897 1091 2972 peplum
1114 2897 1215 2955 ferunt

199 3002 292 3060 genus
320 3003 382 3043 esse
410 2986 501 3043 vestis
525 2985 702 3060 pertinentis
726 2985 764 3042 ad
786 2986 878 3042 ritum
903 2988 1083 3044 secretorum
1105 2984 1214 3042 Miner-

157 3091 186 3131 so
199 3093 267 3146 vae,
296 3073 349 3131 alii
379 3077 496 3131 scutum
523 3074 672 3132 modicum
700 3074 812 3132 dicunt.
858 3075 912 3132 illa
940 3076 999 3133 solo
1022 3077 1096 3146 fluas
1119 3074 1215 3132 oeulos

270 3285 287 3331 4
306 3282 426 3346 cupressi
440 3280 492 3332 th
510 3280 583 3348 quod
596 3280 729 3347 expressit
742 3280 834 3333 diceus
848 3279 891 3333 ed.
955 3285 971 3333 5
989 3280 1075 3333 rhessl
1093 3281 1122 3333 et
1140 3278 1214 3331 infra

199 3353 288 3405 rhesso
307 3351 366 3404 th.
423 3357 455 3403 12
475 3358 538 3404 aute
556 3353 695 3418 transpos
711 3350 754 3404 ed.
811 3357 844 3404 14
863 3351 943 3404 emilii
956 3350 1008 3403 LR
1023 3350 1065 3403 ed.
1081 3350 1214 3405 exitium?

253 3429 285 3476 21
306 3424 379 3476 uude
398 3423 440 3475 cd.
507 3428 540 3475 22
560 3438 717 3492 compressus
735 3427 774 3475 est
791 3424 817 3475 ei
834 3424 901 3490 quia
920 3422 1027 3475 tua-ems
1044 3438 1174 3490 superare
1192 3422 1213 3474 L

200 3496 308 3548 ‘iuoeues
327 3494 351 3546 R
370 3510 459 3564 compr.
480 3510 533 3547 om.
549 3493 597 3546 edI
615 3496 754 3562 transpos.
774 3493 832 3547 eur
854 3510 931 3561 quem
948 3509 999 3561 pro
1018 3496 1085 3561 quia
1104 3492 1146 3546 ed.
1167 3494 1215 3562 qui

200 3585 217 3618 u
240 3567 335 3619 luueue
358 3567 485 3633 superari
508 3581 566 3619 nos.
658 3570 772 3617 28-29
795 3565 920 3630 ferebaut
941 3581 1026 3635 percus
1051 3571 1089 3619 est
1116 3563 1159 3619 ed.

201 3642 233 3689 ‘29
251 3638 390 3705 partiamus
401 3636 451 3689 ed.
478 3639 674 3704 traculorum
689 3636 905 3693 maeatarum
920 3635 942 3691 r'
962 3637 999 3691 in
1011 3652 1109 3704 marg.
1126 3634 1176 3685 ab.
1221 3675 1226 3686 .

202 3713 233 3759 30
252 3710 302 3760 illa
317 3708 370 3759 LR
388 3709 454 3761 drea
473 3709 514 3761 ed.
536 3713 566 3764 ct
586 3709 670 3782 Verg.
691 3709 762 3767 libri
781 3728 892 3767 omncs.
1191 3741 1193 3745 ·
