2734 4159
583 324 767 380 AENEIDOS
784 325 798 379 I
1135 325 1198 391 117

182 488 227 575 (2,
249 486 343 575 721),
365 513 433 553 cum
456 493 493 552 de
516 496 582 571 ipso
605 494 708 552 Aenea
730 494 916 570 loqueretur,
938 496 983 555 ait
1005 494 1096 572 „baec
1118 495 1199 554 fatus

181 586 261 643 latos
292 582 428 643 umeros“
460 584 517 642 hoc
549 586 595 642 est
625 584 713 643 fortis
746 587 776 643 et
808 582 931 643 validos.
977 587 1070 659 nato‚‚
1091 586 1201 661 inquit,

182 674 330 753 genetrix:
367 672 426 733 duo
456 674 557 749 posuit
585 673 709 731 nomina
735 671 846 731 infiniti
873 673 1127 749 interseritque
1155 674 1199 735 in·

182 762 378 822 aestimabilis
410 763 524 836 meriti3
561 761 705 837 quicquid
733 762 812 819 enim
841 764 968 837 possunt
996 765 1135 839 parentes
1163 763 1208 821 li·.

154 852 287 911 sbenter
318 852 475 911 confenmt
506 850 607 910 liberis
634 852 705 911 suis.
751 851 866 910 interea
895 854 1076 927 conparatur
1098 851 1200 911 Venus

183 940 302 1014 artifici,
326 959 402 1015 quae
426 942 469 1000 sic
492 943 653 1000 ornaverat
673 939 780 999 filium.
818 942 999 1000 enumeratis
1021 942 1117 1019 igitur
1135 958 1201 1017 spe-

183 1030 283 1089 ciebus
303 1029 419 1089 Aeneas
442 1029 596 1089 inducitur
613 1030 751 1104 loquens:
774 1032 840 1089 tum
863 1031 907 1089 sic
930 1032 1074 1107 reginam,
1091 1030 1202 1105 inquit,

183 1119 371 1194 adloquitur3
402 1120 486 1195 prior
508 1120 588 1178 enim
610 1119 674 1194 ipse
698 1118 802 1178 debuit
824 1119 922 1195 loqui,
950 1122 1020 1179 ante
1042 1121 1144 1177 omnia
1166 1122 1202 1178 ut

183 1210 251 1284 quis
275 1210 352 1267 esset
373 1208 521 1267 indicaret
542 1207 696 1282 nescienti,
715 1208 821 1267 deinde
844 1211 878 1266 ut
900 1210 1014 1286 gratim
1038 1210 1141 1286 ageret
1163 1206 1201 1267 ob

143 1314 168 1353 ro
183 1316 250 1356 eam
283 1315 404 1356 oensem
437 1316 529 1372 quam
560 1299 624 1373 ipse
657 1297 751 1357 oculis
783 1300 813 1355 et
840 1297 963 1356 auribus
991 1296 1203 1374 conprobasset
1258 1375 1261 1380 Δ

184 1390 214 1445 et
237 1388 272 1444 ut
295 1386 465 1445 ostenderet
486 1386 550 1445 illic
573 1404 604 1445 se
627 1386 720 1445 fnisse
742 1390 937 1463 praesentem.
969 1386 1039 1445 inde
1058 1387 1201 1447 sermonis
1254 1383 1257 1388 ’

183 1477 231 1534 sui
250 1476 378 1551 sumpsit
397 1475 564 1534 exordium:
587 1491 686 1535 corum
704 1493 788 1549 ocem
806 1477 945 1549 quaene
964 1478 1078 1545 adsum,
1096 1476 1203 1535 boios

182 1563 310 1632 Aeaeos,
328 1564 450 1637 Libycis
473 1568 587 1638 neptes
610 1565 647 1623 cb
669 1564 767 1624 cedis.
803 1564 940 1624 omnibns
964 1584 1041 1641 quae
1065 1564 1203 1624 audieret

182 1672 323 1729 praesens
346 1672 401 1713 nec
424 1654 512 1729 pleno
536 1670 624 1712 versu
646 1653 816 1729 respondit3
848 1654 1000 1714 celeritate
1024 1656 1104 1714 enim
1127 1672 1202 1731 opus

143 1760 168 1800 rs
184 1744 252 1818 fuit,
275 1745 310 1801 nt
328 1742 388 1801 cito
408 1742 447 1800 ad
465 1742 596 1820 agendas
616 1744 730 1820 mbas
748 1744 926 1819 perveniret
959 1732 1083 1803 dicendo
1103 1762 1203 1804 coram

186 1832 291 1891 adsum
310 1850 399 1907 quem
418 1825 562 1907 quaeritis
577 1835 606 1891 et
619 1832 768 1908 pluralem
786 1851 943 1893 numerum
960 1832 1088 1892 tenendo
1105 1836 1202 1893 osten·

186 1922 232 1979 dit
254 1920 378 1979 Aenean
402 1924 433 1979 et
454 1921 568 1980 Didoni
590 1921 681 1981 simul
704 1925 735 1981 et
757 1921 871 1982 Ilioneo
895 1922 1090 1997 respondisse.
1131 1922 1203 1981 llio·

185 2029 257 2070 neus
281 2010 360 2069 enim
384 2009 500 2069 dixerat
522 2002 618 2091 (546)
642 2011 750 2085 „quem
773 2012 799 2070 si
821 2011 886 2069 fata
909 2011 1007 2069 virum
1029 2013 1158 2084 servant,
1177 2012 1204 2069 si

185 2100 316 2158 vescitur
335 2118 408 2158 aura
427 2098 577 2159 aetheria“
599 2099 674 2159 item
698 2092 792 2181 (555)
812 2102 877 2176 „sin
896 2099 1056 2176 absumpta
1074 2100 1154 2159 salus
1173 2101 1204 2158 ot

143 2205 171 2245 ao
184 2192 224 2263 te,
238 2190 325 2265 pater
344 2191 456 2264 optime
471 2187 650 2264 Teucrum“;
668 2189 747 2249 Dido
766 2207 836 2247 vero
856 2189 973 2249 dixerat
991 2181 1047 2269 (57
1052 2180 1086 2268 6)
1101 2190 1202 2263 „oqui-

187 2278 254 2335 dem
278 2298 331 2353 per
349 2279 440 2336 litora
458 2280 554 2337 certos
573 2278 726 2337 dimittam
745 2281 775 2337 et
792 2278 906 2355 Libyae
924 2278 1052 2338 lustrare
1071 2280 1205 2337 extrema

185 2366 301 2442 iubebo,
325 2368 351 2425 si
375 2367 482 2442 quibus
506 2369 618 2427 eiectus
641 2368 726 2427 silvis
750 2370 803 2426 aut
825 2367 948 2427 urbibus
972 2365 1078 2427 errat‘.
1123 2366 1204 2443 quod
1283 2362 1285 2365 ’

186 2458 287 2514 autem
316 2458 360 2515 ait
387 2456 492 2516 adsum
515 2456 621 2516 Troius
645 2456 776 2531 Aeneas,
803 2456 915 2516 Didoni
942 2460 1062 2517 tantum
1084 2455 1204 2516 videtur

186 2545 295 2605 dixisse
328 2547 377 2604 cui
408 2546 468 2604 fuit
498 2547 683 2624 incognitus..
731 2544 852 2622 Libycis
885 2548 1004 2623 ereptus
1037 2546 1074 2605 ab
1106 2544 1205 2620 undis,

144 2651 171 2690 es
187 2636 259 2709 quia
277 2637 308 2693 et
325 2634 456 2693 Ilioneus
476 2637 506 2694 et
519 2635 599 2695 Dido
619 2634 844 2694 arbitrabantur
862 2654 930 2693 enm
947 2636 1093 2695 violentia
1110 2635 1203 2694 maris

186 2742 370 2800 oppressum,
393 2725 530 2798 utrisque
552 2723 740 2802 intellegitur
763 2724 1004 2784 demonstrasse·
1033 2742 1049 2784 o
1072 2725 1136 2784 sola
1158 2727 1204 2783 io.-

185 2814 293 2886 tcndos
323 2814 430 2872 Troiae
456 2816 598 2873 miserata
625 2814 752 2873 labores:
788 2831 900 2891 magna
926 2818 990 2873 arte
1019 2814 1096 2873 dixit
1126 2814 1205 2872 hauc

185 2902 318 2976 laudem,
346 2921 440 2977 usque
468 2902 541 2960 adeo
565 2905 601 2960 ut
624 2905 654 2961 et
677 2902 837 2978 specialem
859 2903 1113 2979 praedicationem
1136 2921 1208 2963 con*

186 2992 291 3065 plexus
316 2991 356 3050 sit
379 2994 409 3050 et
432 2992 537 3051 ceteris
560 2990 699 3050 laudibus
723 2991 856 3050 dicendis
883 2994 1061 3052 instructam
1088 2991 1206 3051 dederit

144 3095 172 3135 ao
187 3082 322 3138 formam.
368 3081 468 3155 prima
490 3098 560 3155 pars
582 3080 748 3139 rhetoricae
772 3080 948 3156 disciplinae
966 3082 1028 3141 fuit
1046 3081 1126 3156 quod
1145 3082 1205 3140 loci

258 3294 273 3339 3
293 3288 408 3341 uomina
426 3286 479 3338 LR
497 3285 606 3341 lumina
624 3285 667 3339 ed.
769 3291 785 3338 ὁ
804 3286 896 3340 liberie
913 3286 973 3339 oecis
990 3284 1042 3337 LR
1060 3286 1119 3339 suis
1136 3285 1207 3352 filiis

186 3359 229 3413 ed.
323 3358 544 3412 'listroducitcr
563 3357 605 3412 ed.
699 3358 869 3411 9e'odiccret
887 3355 940 3409 LR
962 3361 1108 3411 enataret
1124 3356 1167 3410 ed.
1203 3374 1206 3379 ⁴

188 3437 219 3483 11
240 3436 266 3483 et
283 3437 314 3483 ct
332 3430 385 3482 LR
403 3437 428 3484 et
447 3446 500 3483 om.
516 3429 559 3483 ed.
586 3432 590 3497 Ι
614 3428 689 3482 code
708 3428 751 3483 ed.
826 3432 859 3483 18
878 3429 951 3482 dixit
969 3428 1013 3481 ed.
1086 3432 1121 3481 20
1139 3429 1206 3496 post

190 3503 324 3555 Teucrum
349 3500 460 3555 videtur
483 3506 508 3555 et
530 3508 619 3555 cetera
642 3500 787 3554 excidisse.
879 3497 1131 3565 allecoricam,
1154 3498 1205 3554 sed

188 3589 273 3641 supra
296 3575 414 3626 lustrare
436 3574 470 3625 nt
487 3572 571 3642 Verg.
591 3570 666 3625 libri.
768 3575 802 3626 23
826 3570 924 3626 didoni
941 3569 994 3623 LR
1016 3588 1053 3625 ne.
1069 3569 1109 3624 D.
1128 3570 1171 3625 ed.
1198 3570 1202 3641 Ι

187 3645 325 3697 uideretur
339 3643 391 3696 LR
405 3643 458 3711 ed,
474 3644 523 3697 sed
542 3644 563 3696 L
583 3644 644 3711 ipse
664 3658 733 3696 corr.
747 3641 778 3696 in
794 3642 901 3697 vidden
919 3642 991 3697 item
1006 3659 1031 3697 r.
1084 3645 1122 3694 ‘lt
1139 3643 1214 3706 outo.

187 3721 212 3768 et
230 3715 282 3767 LR
300 3722 325 3769 et
344 3732 394 3768 om.
411 3714 453 3769 ed.
528 3721 563 3771 26
582 3717 772 3774 demonstrare
790 3713 837 3772 ed.
909 3719 948 3770 ab
968 3712 1087 3779 dicenbt
1103 3710 1155 3763 sn,
