2734 4159
211 348 277 414 612
491 347 633 403 DONATI
650 347 821 403 INTERPR
840 346 948 402 VERG.

156 524 333 578 saoseeares
364 520 486 593 accipiet
516 522 655 591 natosqne
681 520 770 591 pater
801 534 878 576 nora
910 518 986 577 belia
1016 517 1158 576 rnoaentis
1191 516 1230 576 at

203 624 334 682 poenam
352 608 480 681 paleare
497 623 556 679 pro
579 607 709 666 libertate
731 607 857 666 nomba·
888 605 949 682 hio,
972 606 1086 682 inquit,
1111 607 1230 681 primus

209 715 264 771 pro
291 695 430 756 libertate
457 697 574 772 patriae
602 694 798 771 parricidium
829 696 963 755 faoturns
992 698 1038 754 est
1068 695 1230 754 mactando

209 784 287 844 filios
311 802 389 859 suos,
413 787 466 860 qui
487 786 560 843 nori
582 783 702 843 soeleris
725 782 805 843 bella
829 784 964 844 melitani
992 786 1072 845 sunt.
1117 784 1231 857 infelin,

209 877 364 948 atoarnqae
395 874 489 946 sereret
520 891 555 932 ea
585 875 667 947 faeta
697 874 838 942 minores,
873 875 968 933 aiaeet
998 889 1082 932 antor
1108 874 1265 947 patriaee

209 964 389 1036 anianae
415 965 550 1022 inmensa
577 962 700 1035 rapida
732 961 945 1038 apostropham
973 963 1059 1038 quasi
1082 961 1122 1019 ad
1144 980 1230 1038 prae·

209 1056 323 1111 sentem
351 1052 436 1127 feeit,
465 1052 517 1127 qui
543 1050 733 1126 traotabunt,
760 1049 875 1126 inquit,
899 1051 1013 1111 fantum
1035 1055 1136 1126 tunm,
1159 1050 1231 1111 lieet

210 1159 261 1201 eos
289 1140 391 1200 vinosa
418 1139 606 1200 commodum
632 1139 799 1215 publicum,
827 1142 929 1199 tamen
955 1140 1107 1214 infelicem
1131 1142 1162 1199 te
1185 1160 1230 1199 re·

208 1229 334 1306 perient,
357 1231 411 1306 qui
433 1232 497 1287 tam
521 1224 627 1288 sae'vus
648 1230 681 1286 in
704 1230 772 1287 tuos
790 1228 900 1288 liberos
919 1229 1055 1302 extitisti,
1073 1231 1109 1288 ut
1127 1247 1230 1288 eorum

210 1337 264 1378 nee
291 1319 383 1379 saluti
411 1336 465 1377 neo
492 1319 633 1395 sangumi
654 1318 822 1393 pepercisse
845 1317 982 1378 ridearis.
1028 1320 1101 1392 pain
1123 1318 1229 1378 Deeios
1242 1334 1266 1377 a

156 1412 210 1461 826
219 1408 391 1481 Drusosque
411 1408 519 1482 pronai
545 1424 720 1480 saeanrnane
746 1409 842 1466 sereni
869 1410 967 1481 aspice
996 1408 1178 1481 Torquatum
1205 1410 1231 1467 et

209 1497 379 1569 referentem
400 1499 487 1570 sipna
508 1495 679 1555 Camillam:
702 1495 789 1555 Deoii
807 1498 838 1555 et
855 1496 948 1557 Drusi
970 1496 1085 1556 nobiles
1107 1495 1229 1556 fuerunt

209 1586 242 1644 in
270 1586 424 1661 republica
451 1588 481 1644 et
508 1584 670 1660 plurimum
695 1584 879 1660 profuerunt.
924 1604 1105 1667 saevumque
1132 1586 1229 1645 seouri

210 1674 310 1750 aspioe
338 1674 525 1749 Torquatum
558 1676 588 1732 et
618 1673 797 1733 referentem
829 1674 915 1752 signa
945 1673 1120 1733 Camillum:
1156 1674 1228 1733 Tor·

211 1765 319 1838 qualus
342 1764 409 1822 ideo
433 1781 548 1836 saevus,
572 1763 644 1838 quia
666 1761 764 1821 filium
787 1782 874 1822 sunm
897 1762 1007 1823 dieitur
1029 1762 1173 1823 oeeidisse
1191 1763 1265 1822 obn

209 1854 354 1912 iniustam
372 1871 502 1924 eausam,
521 1849 667 1911 Camillus
687 1854 789 1910 autem
807 1852 950 1911 liberasse
971 1852 1120 1912 adseritur
1142 1853 1229 1931 signa

210 1959 286 2017 quae
309 1941 438 2001 Romani
460 1940 658 2017 perdiderant.
704 1940 774 2000 iliae
796 1944 894 2001 antem
910 1942 1038 2015 paneae
1066 1958 1142 2016 qaas
1169 1942 1229 2014 fnl-

207 2048 275 2103 pere
298 2034 393 2091 oanis
415 2034 448 2091 in
471 2033 573 2099 armis,
595 2030 750 2090 eoneordee
773 2032 891 2090 aninrae
911 2048 992 2090 ranna
1015 2034 1041 2091 et
1058 2031 1131 2090 darn
1148 2035 1229 2090 noete

204 2124 395 2194 premantur,
424 2123 480 2181 tea
502 2124 644 2194 qaantnrn
665 2121 743 2179 inter
764 2137 796 2179 se
818 2119 937 2194 baiana,
964 2122 991 2179 si
1014 2121 1130 2179 lnnrina
1152 2122 1229 2180 vitae

156 2212 375 2284 reviruerat,
395 2214 521 2284 ananias
539 2212 617 2269 aoiee
634 2213 816 2284 atrapenpne
834 2209 956 2278 aeterni,
974 2209 1129 2283 opperiens
1148 2225 1229 2267 soeer
1241 2224 1265 2267 n

208 2296 330 2373 Alpinis
353 2305 439 2373 atpne
461 2317 529 2358 aree
551 2300 687 2357 Moreoeei
709 2298 890 2366 aesernino,
912 2316 1000 2371 pener
1023 2298 1155 2357 adversa
1182 2300 1228 2357 in·

208 2392 336 2448 straetns
363 2389 438 2447 eois!
482 2387 578 2462 vides,
606 2387 719 2463 inquit,
746 2387 814 2447 illas
843 2388 1058 2462 animaequae
1081 2405 1165 2445 arma
1190 2389 1228 2445 si-

209 2477 293 2535 milia
316 2479 433 2553 gerunt.
470 2494 548 2534 nune
571 2476 712 2534 videntur
735 2495 798 2536 esse
821 2475 988 2549 concorden,
1011 2476 1083 2552 quia
1106 2476 1154 2533 hio
1178 2476 1227 2534 de·

210 2567 286 2644 gunt
308 2568 339 2623 et
361 2564 537 2623 contendere
561 2582 611 2622 eas
635 2564 718 2623 sedes
737 2565 854 2625 inferna
873 2584 932 2624 non
950 2566 1077 2641 patitur,
1096 2567 1227 2623 aeterum

210 2672 277 2712 eum
301 2651 339 2710 ad
362 2671 483 2728 superos
506 2654 652 2727 venerint,
675 2658 789 2728 quanta
812 2654 860 2713 illi
882 2653 1010 2713 dolenda
1037 2655 1227 2713 committent
1240 2670 1264 2711 ss

210 2740 386 2800 exercitibus
414 2762 449 2801 ex
476 2743 541 2802 toto
570 2740 640 2800 orbe
664 2743 826 2801 contractis
854 2745 885 2801 et
912 2762 946 2803 eo
974 2743 1117 2818 deterius,
1146 2743 1227 2818 quod

209 2849 293 2889 socer
316 2834 346 2889 et
369 2850 459 2909 gener
476 2831 550 2890 haee
567 2832 648 2889 inter
666 2848 697 2888 se
715 2830 800 2905 inpia
818 2832 995 2907 funestaque
1014 2833 1129 2909 gesturi
1148 2835 1226 2891 sunt

208 2938 258 2988 ne,
283 2922 386 2993 paeri,
417 2939 455 2979 ne
482 2924 565 2980 tanta
592 2921 701 2978 anienis
729 2919 887 2979 adsuescite
919 2922 994 2980 bella
1025 2938 1083 2980 nen
1107 2923 1227 2994 patriae

209 3009 326 3068 salsitas
348 3012 380 3067 in
402 3012 516 3069 rrseera
538 3011 637 3068 vertite
660 3011 748 3068 airis:
779 3027 974 3085 personarum
1001 3010 1073 3069 feeit
1096 3028 1226 3069 eommu-

208 3100 367 3171 tationem3
400 3099 471 3157 dum
498 3100 577 3157 enim
605 3098 641 3156 de
665 3098 733 3158 aliis
760 3098 907 3174 loquitur,
936 3100 1082 3158 convertit
1111 3097 1150 3156 ad
1178 3118 1226 3159 eos
1240 3116 1263 3158 a

281 3309 298 3356 4
316 3305 417 3370 infelice
435 3304 481 3357 hie
495 3304 582 3357 habet
596 3303 622 3356 V
636 3303 814 3357 adsentiente
828 3303 1073 3372 interpretatione3
1094 3303 1131 3358 ad
1149 3307 1226 3359 ante-

208 3374 311 3434 cedens
329 3374 432 3429 lemma
451 3375 592 3429 revocavit
610 3375 663 3442 ed„
686 3376 734 3429 sed
753 3374 824 3428 Don.
843 3374 883 3428 sio
906 3374 1018 3429 videtur
1041 3374 1226 3445 coniungere:

209 3453 352 3515 ntearnpae
370 3448 459 3514 ferent
476 3448 529 3500 eto.
548 3453 693 3515 annaque
711 3448 799 3501 vincet
817 3450 869 3499 eto.
969 3452 986 3501 t
1005 3447 1121 3501 minoris
1137 3446 1172 3502 V.

209 3522 225 3569 8
244 3518 376 3583 infelieite
395 3519 426 3571 V.
524 3523 557 3572 13
576 3520 608 3571 in
626 3518 666 3572 rei
680 3518 796 3585 publiea
814 3523 839 3570 et
857 3516 882 3570 V
901 3525 925 3571 ei
943 3518 1109 3586 reipublicae
1127 3518 1172 3573 ed.

211 3595 315 3642 lam-16
334 3591 367 3644 ob
386 3590 527 3645 iniustitia
544 3606 657 3644 ennean
676 3588 702 3641 V
721 3604 789 3641 corr.
809 3587 852 3641 ed.
958 3594 992 3642 20
1011 3590 1174 3658 attinperint
1192 3589 1226 3644 V.

264 3666 296 3713 21
317 3678 406 3716 arcem
424 3662 541 3716 niereoeei
559 3659 719 3715 daeendens
738 3659 770 3711 V.
832 3665 865 3711 23
884 3667 1025 3729 perant-
1073 3662 1103 3714 ia
1120 3662 1227 3717 temere

206 3733 270 3786 mut
294 3733 337 3786 ed.
411 3739 573 3803 nepotatur
590 3731 623 3786 V.
698 3734 731 3783 30
750 3731 882 3784 convertit
899 3730 925 3783 V
942 3746 969 3784 se
988 3731 1025 3783 ad
1048 3731 1112 3785 .ed‚
