2734 4159
574 365 758 422 AENEIDOS
776 366 802 419 V
1133 362 1199 427 489

181 539 276 609 fertur
313 540 407 610 canis:
445 536 589 595 Troianos
625 536 762 594 ductores
799 535 969 611 specialiter
1006 535 1200 607 enumeravit,

182 625 301 702 quando
326 625 364 684 ad
388 624 503 685 Siculos
522 628 644 683 ventum
669 628 723 697 est,
745 643 806 682 una
824 624 1020 702 generalitate
1039 623 1199 699 conplexus

182 719 226 774 est
250 716 354 788 omnis,
377 718 412 773 ut
431 712 599 773 ostenderet
616 731 667 773 eos
686 713 741 773 sub
756 713 894 773 Troianis
913 713 1012 771 fuisse.
1046 714 1193 786 ascipiunt
1201 715 1254 764 575

179 805 291 880 plausa
309 805 439 877 panidos
459 800 644 877 gaudentque
666 806 776 862 mentes
799 802 997 861 Dardanidae
1018 806 1201 873 ceteramque

155 897 342 966 saynoscnnt
360 909 413 951 era
426 896 603 966 parentans
620 892 668 950 illi
687 891 807 967 quidem
825 890 976 967 pavebant
994 892 1026 948 in
1040 891 1200 965 conspeetu

181 981 310 1057 publico,
330 982 380 1040 sed
399 982 453 1040 hos
474 981 598 1040 Troiani
616 980 789 1039 reficiebant
807 979 961 1056 plausibus
980 979 1094 1055 duplici
1112 978 1200 1039 modo

181 1070 355 1149 gaudentes,
379 1070 460 1147 quod
482 1070 625 1129 videbant
646 1070 679 1128 in
702 1069 803 1128 liberis
827 1088 910 1145 spem
934 1070 1018 1127 etin
1040 1070 1115 1144 ipsis
1138 1086 1200 1126 oer-

181 1161 293 1219 ncbant
328 1162 487 1236 parentum
524 1159 751 1221 similitudinem
792 1158 989 1235 propriorum.
1043 1162 1201 1231 postquam

181 1267 294 1308 omnem
317 1250 386 1309 laeti
399 1266 564 1308 consessum
578 1249 730 1322 acutosque
747 1265 869 1306 suornm
887 1248 1048 1305 destraeere
1060 1249 1093 1305 in
1107 1248 1201 1320 cena·

141 1360 167 1398 ro
183 1357 250 1397 cum
273 1339 475 1414 procederent,
494 1356 590 1414 pavor
613 1356 662 1397 eos
686 1336 862 1396 confuderat
884 1331 1102 1414 †incontentae
1124 1336 1200 1393 mul-

181 1427 320 1487 titudinis
349 1446 454 1501 causa,
483 1428 534 1486 sed
561 1430 722 1502 postquam
750 1428 879 1501 acceptis
902 1444 1023 1485 suorum
1048 1424 1200 1484 favoribus

182 1519 310 1576 recreati
333 1519 410 1590 sunt,
435 1516 622 1576 considerato
645 1533 797 1589 consessu,
820 1518 852 1573 in
876 1532 934 1590 quo
958 1514 1051 1573 alieni
1073 1533 1132 1572 non
1155 1515 1201 1571 fu-

183 1609 277 1679 erant,
300 1606 405 1665 refecti
428 1608 506 1664 sunt.
542 1606 660 1680 signnm
683 1604 809 1663 clamne
821 1604 941 1678 paratis
958 1603 1101 1677 Epytides
1119 1604 1202 1678 longe

183 1696 263 1754 dedtt
283 1697 469 1768 insonuitque
491 1695 620 1768 flagello:
646 1695 762 1770 paratis
789 1695 850 1751 iam
874 1695 993 1771 signum
1016 1692 1099 1751 dedit
1121 1692 1201 1768 Epy-

143 1803 167 1843 15
183 1785 262 1841 tides
295 1783 423 1842 clamore
452 1787 483 1843 et
513 1783 642 1861 flagello.
698 1783 749 1841 otti
785 1783 949 1842 dammae
979 1799 1071 1856 pares
1108 1784 1257 1855 atqueasso

185 1875 304 1946 agenna
332 1875 407 1930 terni
439 1873 565 1932 dtdnctis
592 1873 702 1931 salvere
733 1873 841 1931 cteris:
874 1890 982 1948 agmen
1011 1871 1073 1929 alia
1104 1872 1202 1946 specie

184 1963 274 2035 atque
299 1961 486 2020 ordinatione
510 1962 698 2037 conpositum
720 1962 753 2018 in
776 1961 852 2020 alios
875 1978 939 2019 sese
962 1959 1079 2019 ordines
1102 1961 1202 2034 vertit,

183 2051 240 2108 hoc
259 2052 338 2107 enim
356 2050 526 2109 faciendum
534 2050 766 2129 significaverat
780 2050 934 2125 Epytides.
972 2052 1062 2123 atquo
1081 2050 1202 2127 agmina

183 2140 263 2197 terni
286 2138 414 2199 diductis
439 2140 553 2199 solvere
578 2140 689 2200 choris:
716 2141 749 2197 in
777 2139 882 2198 choros
906 2139 1059 2197 solverant
1081 2138 1203 2215 agmina

143 2248 169 2287 no
183 2228 215 2287 id
239 2231 284 2288 est
306 2230 339 2287 in
361 2230 465 2303 partis.
502 2245 664 2302 rnrsasqae
676 2231 770 2287 vocati
788 2231 950 2287 convertere
963 2228 1028 2286 vias
1040 2229 1203 2301 infestaque

184 2318 242 2377 teta
255 2317 360 2376 tatere:
384 2318 445 2376 alio
464 2319 550 2397 signo
570 2320 692 2393 accepto
710 2318 821 2376 mutati
839 2319 910 2376 sunt
927 2318 960 2375 in
974 2316 1067 2375 alium
1081 2314 1203 2374 modurn

184 2409 214 2464 et
237 2407 372 2465 tulerunt
394 2406 456 2466 tela
479 2407 600 2481 infesta,
622 2426 683 2466 non
706 2425 783 2482 vere,
807 2406 859 2465 sed
882 2406 921 2465 ad
943 2406 1107 2483 imaginem
1125 2406 1202 2464 veri-

184 2496 258 2553 tatis
281 2494 399 2555 infesta.
446 2496 519 2571 qnid
542 2498 583 2555 sit
606 2498 777 2555 convertere
795 2497 861 2553 vias
883 2496 948 2571 ipse
967 2496 1102 2570 exponit:
1125 2494 1203 2563 inde,

185 2584 293 2657 inquit,
316 2586 391 2643 alios
413 2587 516 2644 ineant
532 2602 637 2644 cwsns
655 2586 785 2658 altosque
798 2602 935 2644 remersus
948 2585 1081 2643 adversis
1098 2586 1203 2657 spatiis

145 2692 170 2732 25
186 2672 362 2747 alternisque
389 2674 508 2733 orabas
535 2676 613 2733 erbis
635 2674 803 2747 depectunt,
830 2673 931 2732 idest
960 2674 1094 2731 miscent.
1135 2677 1258 2746 pne-585

183 2780 315 2836 anaeque
330 2765 405 2821 cient
418 2764 580 2823 simulacra
593 2764 647 2822 sab
667 2765 775 2822 armis:
797 2765 922 2838 propter
938 2763 1101 2839 imaginem
1115 2781 1203 2821 verae

185 2871 303 2929 pugnae
327 2851 402 2910 dixit
431 2870 522 2928 supra
545 2852 713 2927 infestaque
740 2851 803 2910 tela
824 2852 934 2923 tulere,
956 2851 1067 2909 infesta
1089 2851 1204 2910 seilicet

185 2941 253 2998 aliis
281 2942 313 2998 in
343 2959 413 3000 vero
446 2943 621 3013 certamine,
653 2960 714 2999 non
745 2941 819 3015 ipsis
851 2941 904 3015 qni
931 2939 1054 2998 ludicris
1081 2957 1204 3015 operam

185 3029 305 3088 dabant.
352 3034 378 3088 ct
399 3049 478 3089 nnnc
500 3035 581 3105 terga
603 3033 678 3104 sapa
700 3030 825 3098 nudant,
850 3047 931 3088 nnnc
952 3030 1067 3103 spicula
1089 3032 1205 3088 certant

257 3260 272 3305 2
292 3272 351 3307 nna
369 3253 421 3305 LR
440 3259 465 3307 et
483 3270 510 3306 a.
530 3253 596 3306 ch.
691 3260 724 3306 10
743 3255 915 3307 incontentae
934 3252 955 3305 L
974 3252 1056 3317 item,
1080 3252 1128 3305 sed
1153 3268 1205 3306 con

185 3327 324 3393 expuncto
343 3324 369 3377 R
387 3326 586 3393 incontemptae
605 3325 648 3379 ed.
668 3325 766 3395 ingens
784 3329 879 3379 tantae
897 3324 1031 3393 suspicor.
1088 3329 1121 3376 12
1140 3339 1204 3378 cone·

184 3412 265 3448 sensa
284 3396 305 3447 L
324 3413 406 3450 sensu
423 3395 449 3448 It
467 3412 592 3450 conamen
611 3396 654 3449 ed.
673 3397 747 3464 post.
818 3401 850 3447 lo
870 3396 987 3449 clanwre
1004 3395 1111 3464 (lapella
1129 3394 1151 3447 L
1170 3395 1203 3449 el.

183 3468 287 3537 flagelli
304 3467 330 3520 R
348 3468 380 3522 cl.
401 3474 425 3521 et
442 3468 550 3537 stagello
568 3466 611 3521 cd.
703 3473 736 3520 16
755 3467 828 3521 terni
846 3468 886 3535 (ct
903 3466 989 3535 infra)
1008 3465 1034 3518 It
1052 3465 1101 3519 edI
1118 3467 1205 3520 ternas

185 3539 225 3604 (et
243 3538 328 3608 infra)
347 3539 369 3592 L
388 3546 467 3594 terna
486 3538 551 3591 eds.
630 3542 663 3592 19
682 3540 822 3592 solverant
839 3538 892 3590 LR
910 3554 965 3592 ere
983 3537 1026 3591 ed.
1101 3542 1135 3591 24
1153 3537 1204 3590 ad-

184 3613 269 3664 uersis
286 3611 308 3663 L
327 3611 442 3664 alternis
455 3609 480 3661 R
499 3609 529 3662 in
547 3611 669 3664 aduersas
688 3610 833 3677 cornipes
851 3608 897 3663 vel
914 3626 937 3663 r.
993 3614 1026 3663 27
1047 3610 1101 3662 tela
1119 3610 1210 3660 tulere

185 3681 286 3746 infesta
306 3681 354 3733 LR
375 3697 428 3734 om.
444 3680 487 3735 ed.
548 3685 581 3733 29
601 3686 641 3735 ten
659 3679 685 3734 n
702 3687 782 3753 terga
796 3698 813 3735 r
827 3707 863 3726 =
877 3677 1098 3748 artesano&
1114 3684 1237 3737 ΜΝ

182 3751 208 3802 lt
223 3769 277 3818 pro
291 3754 371 3822 sapa.
388 3755 396 3823 Ι
414 3754 528 3822 specum
547 3752 576 3809 L.
