2734 4159
573 339 755 395 AENEIDOS
774 340 813 393 Vl
1134 340 1200 406 583

181 510 302 570 dictura
330 513 387 569 est:
424 510 475 569 scd
500 526 547 569 me
573 527 639 569 cam
666 510 739 568 lacis
766 509 876 568 Hecate
897 512 1042 584 pracfecit
1063 508 1228 576 Aceraisa·

183 602 252 673 ipsa
274 601 360 658 deum
377 616 491 673 poam
509 599 606 657 doaait
618 616 730 671 pasce
748 599 848 657 onmia
865 600 956 657 duait
991 600 1069 658 dixit
1087 603 1254 658 eorumoes

183 691 338 747 auctorem
370 706 447 763 quae
478 689 579 747 fuerat
610 690 784 760 narratura,
820 689 855 745 ut
890 687 979 746 fidem
1013 687 1105 747 verba
1136 688 1200 747 eius

181 776 293 837 babere
324 770 499 852 potuissent.
551 778 595 835 ait
626 795 710 854 ergo:
748 775 868 851 quando
900 796 947 835 me
979 776 1092 835 Hecate
1124 777 1200 837 lucis

153 866 312 928 sAvemis
339 866 527 941 praeposuit,
554 866 622 940 ipsa
648 864 751 923 docuit
779 865 879 923 omnia
902 868 933 924 et
955 866 1095 925 universa
1117 885 1200 924 mon·

183 954 294 1015 stravit
317 958 424 1014 cuncta
445 972 500 1030 per
524 952 657 1015 ordinem
679 953 848 1028 referendo,
875 954 1053 1014 instructam
1075 954 1200 1014 reddens

181 1046 308 1121 propter
335 1061 385 1103 eos
413 1043 520 1119 quibus
548 1044 594 1103 fas
618 1046 695 1102 esset
717 1042 794 1102 vivis
818 1042 857 1101 ad
879 1044 996 1102 inferna
1019 1042 1199 1119 pertendere.

181 1132 292 1209 incipit
315 1151 385 1209 ergo
404 1132 442 1190 ad
460 1134 647 1209 interrogata
665 1131 842 1208 respondere
860 1135 924 1191 tam
941 1133 1037 1208 plene,
1055 1135 1091 1191 ut
1109 1134 1201 1191 etiam

181 1221 238 1279 illa
261 1221 423 1298 coniungat
444 1212 522 1296 'quae
545 1223 741 1298 interrogatio
765 1240 825 1280 non
843 1221 977 1295 tenebat3
1000 1240 1070 1280 nam
1089 1222 1201 1281 frustm

138 1331 169 1373 ro
183 1309 364 1370 describeret
386 1310 469 1369 illius
491 1310 551 1370 loci
574 1313 657 1369 actus
680 1312 711 1368 et
734 1313 827 1387 gesta,
849 1310 874 1369 si
897 1329 957 1368 uon
979 1310 1076 1385 primo
1100 1310 1201 1389 cogni-

181 1402 280 1459 torem
303 1399 461 1457 criminum
484 1402 514 1458 et
536 1418 701 1475 poenarum
718 1398 847 1458 iudicem
866 1398 1091 1459 demonstraret.
1128 1400 1202 1459 dicit

183 1506 254 1565 ergo
278 1488 408 1564 primum
429 1488 558 1547 &acuas
579 1489 649 1547 haec
666 1488 912 1547 Rhadamanthus
934 1489 1019 1547 babet
1041 1489 1201 1548 durissima

182 1596 292 1651 regna:
328 1578 488 1653 potestatis
520 1577 615 1654 ipsius
652 1576 758 1635 dehinc
795 1576 949 1655 subiungit
985 1576 1200 1637 definitionem:

183 1668 361 1739 casimatqua
384 1666 524 1739 caditque
546 1666 626 1725 dolas
647 1667 810 1740 subigitque
831 1667 921 1738 fateri
944 1684 1018 1740 qaae
1036 1668 1101 1739 qais
1120 1668 1201 1741 apua

137 1766 167 1817 re
182 1771 306 1829 saperes
336 1755 415 1826 farto
447 1756 572 1814 laetatus
602 1757 690 1814 iaaac·
721 1755 835 1815 detulit
859 1758 892 1813 a'a
919 1772 1017 1814 saram
1048 1757 1201 1815 ammissa

177 1844 304 1918 piacula
325 1848 453 1902 martem
498 1844 589 1919 hanc,
616 1844 729 1920 inquit,
756 1843 809 1902 ille
833 1844 924 1903 habet
945 1846 1140 1921 potestatem,
1167 1846 1202 1903 ut

182 1932 356 1992 verberibus
391 1934 421 1991 et
456 1934 614 1992 tormentis
645 1935 823 2009 extorqueat
855 1935 885 1992 et
917 1933 954 1991 ad
988 1933 1202 1992 confessionem

181 2040 278 2097 usque
305 2022 450 2097 perducat
477 2021 557 2098 quod
585 2021 665 2098 apud
694 2040 816 2097 superos
845 2022 987 2081 scelerate
1010 2024 1201 2081 commissum

181 2110 331 2171 vindicari
353 2130 413 2170 non
436 2112 536 2187 potuit
559 2114 589 2170 et
612 2111 739 2169 dilatam
761 2130 889 2187 poenam
912 2112 1011 2171 inanis
1037 2112 1200 2189 gratulatio

137 2220 169 2262 sc
182 2202 343 2260 consecuta
366 2202 419 2274 est,
442 2218 509 2259 cum
529 2200 750 2258 arbitrarentur
768 2199 906 2259 scelerati
924 2218 988 2259 sese
1005 2200 1116 2277 fugisse
1136 2202 1200 2259 vin·

183 2288 297 2348 dictam
320 2289 483 2348 nescientes
506 2289 670 2366 suffugium
693 2290 774 2347 furto
798 2290 969 2363 quaesitum
991 2307 1118 2365 poenam
1141 2308 1202 2347 nou

183 2378 312 2450 delesse,
344 2377 395 2437 sed
426 2378 458 2435 in
491 2377 573 2436 aliud
603 2381 723 2453 tempus
755 2376 831 2436 dura
862 2377 1012 2437 distulisse
1043 2378 1200 2453 supplicia.

182 2470 320 2526 casam
342 2469 433 2525 scats
454 2466 546 2525 altrix
568 2468 699 2526 acaaow
721 2467 836 2541 flagello
857 2467 1013 2540 Tisiphone
1035 2470 1129 2540 quatit
1145 2470 1255 2525 tar-5⁵10

181 2557 299 2615 saltans
331 2559 472 2629 tonosque
502 2557 625 2614 actara
655 2558 803 2614 intentares
836 2557 941 2629 aayais
970 2560 1054 2614 accat
1081 2558 1201 2630 agmina

139 2664 168 2706 se
183 2662 273 2704 saeva
300 2661 448 2702 eororam:
480 2644 566 2703 adest
587 2644 679 2703 Furia
701 2645 760 2703 reis
784 2645 878 2704 sontis
902 2649 932 2703 et
954 2646 1058 2704 noxios
1081 2644 1201 2721 fiagello

184 2734 408 2807 circumsecans,
430 2734 583 2792 intentans
606 2734 723 2812 anguis,
740 2735 775 2791 ut
797 2735 1014 2793 tormentorum
1037 2736 1118 2792 metu
1141 2733 1200 2792 for-

183 2823 265 2881 mido
297 2841 401 2880 eorum
432 2824 529 2899 magis
562 2841 597 2881 ac
627 2824 725 2900 magis
756 2820 934 2896 ardesceret,
966 2841 1076 2881 vocans
1109 2823 1202 2881 etiam

183 2930 320 2971 sororum
340 2910 587 2970 innumerabilem
605 2910 734 2985 modum,
754 2929 821 2969 cum
840 2911 905 2971 sola
922 2911 995 2970 ferri
1013 2931 1073 2970 non
1092 2916 1200 2987 posset.

182 3005 245 3059 tam
268 3002 385 3059 demam
405 3001 557 3059 borrisoao
580 3001 732 3059 stridentes
755 3001 875 3061 cardias
898 3018 1001 3060 sarrae
1022 3002 1201 3074 paadaatar

138 3093 298 3163 apertae.-
330 3091 404 3163 tum,
426 3090 482 3147 boc
506 3093 552 3148 est
574 3088 651 3163 inde,
674 3089 830 3149 horrisono
854 3090 982 3164 cardine,
1006 3091 1089 3149 cuius
1113 3108 1201 3149 sonus

183 3178 223 3237 ad
247 3180 328 3236 auris
352 3179 448 3251 venit,
470 3182 576 3253 portae
600 3197 701 3237 sacrae
725 3177 906 3253 panduntur.
953 3180 1048 3238 corais
1070 3178 1201 3239 custodia

258 3372 272 3418 1
295 3367 385 3419 tector
406 3381 457 3435 pro
477 3367 579 3420 Hecate
598 3365 630 3419 V.
722 3371 798 3419 tme
816 3367 881 3419 boec
899 3373 941 3420 ate
960 3365 985 3418 V
1004 3383 1044 3419 me
1062 3367 1200 3435 transpos.

182 3437 227 3491 ed.
297 3437 395 3503 dipsa
413 3437 438 3490 V
456 3438 531 3490 ime
549 3435 592 3490 ed.
610 3439 614 3505 Ι
634 3435 703 3490 etV
721 3442 746 3490 et
764 3437 832 3490 mibi
851 3437 893 3491 ed.
965 3442 996 3490 12
1016 3438 1081 3491 boec
1100 3454 1153 3490 om.
1168 3437 1200 3490 V.

239 3514 271 3560 13
291 3510 355 3575 post
374 3507 558 3575 definitiones
575 3506 708 3561 lacunam
724 3506 813 3561 habet
827 3507 852 3560 V
866 3508 956 3577 signis
971 3507 1142 3574 quibusdam
1156 3525 1201 3561 ex·

181 3579 300 3649 pletam
319 3595 392 3646 quae
411 3578 482 3632 nibil
502 3578 599 3632 deesse
618 3578 744 3632 indicare
762 3578 901 3632 videntm.
975 3585 1009 3632 26
1028 3581 1082 3634 reis
1100 3579 1126 3632 V
1143 3597 1202 3634 reos

182 3650 227 3705 ed.
293 3654 326 3701 27
346 3650 499 3704 ardesceret
517 3648 542 3701 V
561 3666 629 3703 corr.
650 3649 694 3703 ed.
759 3655 791 3704 29
811 3651 967 3705 hembecca
986 3650 1017 3703 V.
1035 3653 1039 3720 l
1059 3652 1202 3706 stridentes

182 3736 237 3775 om.
252 3720 286 3774 V.
360 3726 392 3774 31
412 3723 486 3776 venit
504 3738 557 3774 om.
572 3720 605 3774 V.
