2734 4159
586 352 770 409 astismos
788 353 815 407 V
1144 351 1211 420 49‘1

188 524 345 583 constaret
365 521 484 582 falsitas
508 541 544 581 ex
562 540 610 597 eo,
634 523 661 581 si
684 522 745 581 alio
768 524 902 599 tempore
925 525 1075 582 mortuam
1098 522 1211 583 diceret

189 614 289 671 visam
311 629 375 671 csso
397 611 446 671 rel
467 610 617 671 auditam.
662 612 755 670 refert
781 613 844 670 iam
866 612 951 671 velut
973 611 1109 671 mandati
1132 632 1211 672 sum·

189 720 285 760 mam:
318 704 412 775 errat,
440 701 554 775 inquit,
587 701 680 760 vestri
710 703 862 759 tractatus
889 702 1035 774 intentio,
1062 720 1123 760 non
1150 701 1211 761 alia

189 789 277 850 robis
295 796 390 866 quam
404 790 478 849 haec
496 793 577 849 terra
595 788 728 863 debetur,
753 790 864 849 trustra
883 789 980 849 adbuc
997 790 1210 868 peregrinandi

165 879 357 955 ssuscipitur
386 878 485 954 labor,
516 879 565 937 hic
599 877 771 954 quaerenda
803 881 849 937 est
881 878 972 939 Troia
1002 879 1056 938 ubi
1088 878 1211 938 Troiani

191 967 304 1045 reperti
328 969 399 1027 sunt
421 968 509 1027 cives.
552 968 686 1043 quaerite
705 967 761 1027 hoc
779 966 937 1045 significat,
962 969 1034 1043 quia
1052 967 1133 1044 qnod
1150 986 1209 1027 non

191 1059 349 1133 quaeritur
366 1076 427 1116 non
444 1058 545 1133 potest
563 1056 706 1116 inveniri:
729 1056 796 1116 ideo
810 1056 866 1116 hoc
880 1058 990 1133 posuit
1013 1057 1092 1132 quod
1109 1058 1211 1133 potuit

190 1146 251 1205 dici
265 1145 349 1222 quid,
372 1146 397 1205 si
415 1165 476 1206 non
493 1143 683 1206 invenietur?
703 1146 866 1205 contrusit
884 1146 935 1205 hic·
950 1148 1050 1223 potest
1073 1147 1211 1222 quaesita

191 1254 384 1314 consurgerc3
405 1235 455 1294 hic
479 1235 558 1294 enim
576 1234 661 1295 vobis
680 1238 726 1295 est
745 1235 856 1294 domus.
899 1254 916 1294 0
936 1235 1123 1294 commodum
1142 1253 1210 1293 con·

158 1324 295 1383 rusilium
316 1323 405 1399 ratis,
429 1324 544 1395 ocivis
567 1322 737 1383 veneranda
760 1325 908 1383 consulta!
936 1324 1115 1400 loquebatur
1137 1323 1210 1400 quid

192 1414 272 1474 effici
295 1415 467 1473 conremret
490 1415 521 1472 ot
543 1431 603 1489 qua
625 1414 800 1490 via‘posset
821 1414 931 1489 inpleri
957 1431 1018 1473 non
1041 1413 1145 1488 dubia,
1174 1415 1211 1473 ut

190 1502 255 1561 fieri
279 1502 365 1578 solet,
387 1502 438 1562 sed
462 1505 568 1579 aperta
589 1503 707 1562 ratione
730 1503 928 1562 monstrabat.
973 1501 1133 1562 videbatur
1154 1502 1210 1561 illa

190 1592 272 1651 faces
285 1592 361 1651 mihi
378 1591 560 1651 flammantis
579 1591 693 1667 offerre,
711 1594 747 1651 ut
764 1591 934 1650 ostenderet
952 1592 1080 1650 miseriis
1098 1593 1209 1651 nostris

191 1680 282 1740 aliter
307 1682 440 1758 prospici
467 1699 502 1740 ac
528 1680 681 1757 provideri
707 1700 767 1740 non
794 1699 894 1757 posse:
930 1699 982 1741 uec
1008 1682 1098 1739 tactis
1125 1698 1209 1740 mma

150 1786 175 1827 u
183 1770 343 1845 prodo‘pits,
365 1788 409 1829 cn·
428 1774 565 1844 quattuor
589 1788 661 1829 arae
678 1770 826 1843 Neptuno,
848 1771 919 1829 deos
939 1772 1002 1843 ipse
1028 1771 1108 1844 faces
1135 1772 1262 1829 ont-640

189 1867 327 1933 mamque
339 1861 504 1919 ministrat:
526 1862 706 1919 concurrunt
720 1858 916 1935 probamenta
929 1858 1000 1917 fidei
1023 1861 1053 1917 et
1071 1859 1208 1918 veritatis

188 1948 400 2025 supplementa
423 1966 484 2007 non
502 1948 623 2024 desunt3
645 1948 783 2007 incendia
802 1948 914 2025 quippe
933 1949 1056 2007 navium
1074 1948 1208 2025 cogitau-

188 2037 272 2097 tibus
295 2055 378 2096 sacer
399 2039 479 2115 ignis
503 2039 641 2096 occurrit.
688 2037 775 2096 offert
798 2056 866 2096 aras
894 2039 957 2113 ipsc
980 2038 1140 2114 Neptunus
1163 2039 1208 2095 in-

187 2126 308 2202 plendis
329 2126 417 2186 rebus
441 2126 619 2205 porrigendo
643 2127 857 2201 substantiam
881 2146 951 2185 nam
973 2129 1090 2185 nostros
1110 2145 1128 2184 a
1147 2126 1208 2185 suis

140 2228 176 2277 io
187 2215 290 2293 regnis
308 2215 447 2291 prohibet
466 2218 557 2291 atque
572 2218 654 2275 arcet
668 2234 809 2276 accessus.
846 2215 901 2274 fiat
914 2234 985 2292 ergo
1001 2234 1069 2273 cum
1084 2215 1208 2275 deorum

188 2308 262 2364 voto
285 2304 367 2379 quod
390 2304 512 2379 dicitur,
532 2304 587 2364 fiat
610 2305 690 2381 quod
709 2306 789 2364 vatis
807 2307 911 2364 tantae
933 2304 1083 2379 praedixit
1106 2308 1208 2364 aucto-

187 2396 265 2453 ritas
289 2396 319 2451 et
341 2395 465 2452 numina
492 2394 663 2471 praesentia
690 2394 900 2469 probaverunt.
945 2394 1016 2453 boec
1042 2411 1207 2453 mammam

182 2484 290 2556 primo
311 2483 462 2556 biferrum
483 2485 514 2542 ot
532 2482 655 2558 corripit
671 2484 768 2557 qoem
790 2484 962 2556 sublatoque
979 2484 1087 2556 procat
1105 2482 1208 2541 dextra

188 2574 297 2631 contro
310 2576 443 2631 comat
460 2577 487 2631 et
503 2575 589 2632 tacit:
611 2591 649 2630 ne
663 2572 861 2631 Troianorum
876 2573 1006 2629 feminae
1020 2571 1207 2631 deficiendo

141 2680 174 2723 as
188 2661 238 2720 vel
265 2679 326 2719 non
353 2660 489 2720 faciendo
516 2663 697 2734 tractarent,
725 2661 826 2721 omuia
853 2660 1065 2736 disputationis
1092 2662 1208 2719 incerta

187 2750 465 2827 Irispraeveniens
483 2752 585 2829 ignem
602 2751 709 2826 prima,
733 2749 803 2809 dum
826 2750 969 2826 loquitur,
992 2750 1095 2826 rapuit
1118 2749 1207 2808 simul

187 2842 220 2899 et
237 2838 330 2898 misit.
372 2839 506 2898 subitum
524 2841 604 2897 enim
623 2859 657 2899 ac
675 2841 866 2916 repentinum
885 2858 947 2898 esse
966 2838 1109 2898 debuerat
1127 2838 1207 2914 quod

188 2928 347 3003 displicere
366 2929 493 2988 forsitan
511 2928 611 3006 potuit
630 2931 661 2988 et
679 2929 798 2988 obiectu
817 2927 1062 2987 contradictionis
1082 2927 1206 2987 excludi.

188 3022 321 3077 arrectoe
338 3021 445 3077 menta
462 3020 682 3093 stupefactaque
700 3018 790 3077 corda
803 3017 953 3076 Iltodmn:
975 3018 1132 3092 stupuerat
1150 3016 1206 3076 hoo

146 3107 269 3168 Macte
293 3108 500 3166 universarum
522 3111 613 3166 niens
654 3108 701 3167 bic
718 3126 781 3165 wau
799 3124 833 3165 cx
850 3107 959 3175 multis,
983 3124 1057 3179 quaa
1074 3108 1206 3165 marimo

186 3201 276 3265 nati,
302 3196 412 3270 Pyrpo,
445 3200 484 3255 tot
505 3197 621 3255 Priam
647 3200 786 3255 ootorwm
812 3198 894 3269 repta
915 3197 1032 3254 autb:
1064 3194 1196 3255 dicturus
1207 3199 1261 3249 646

189 3304 224 3344 ox
247 3284 353 3343 multis
376 3286 471 3344 solam
493 3285 618 3344 insidias
642 3287 768 3344 sensisse
795 3283 878 3342 dedit
901 3284 929 3341 ei
952 3303 986 3342 ex
1011 3285 1119 3342 aetatis
1143 3301 1205 3341 ma-

188 3375 317 3434 tnn'tatc
331 3373 531 3450 prudentiam,
553 3377 588 3433 ut
607 3378 709 3432 autem
723 3374 815 3450 digna
829 3373 981 3431 videretur
996 3391 1072 3447 quae
1086 3372 1206 3431 deberet

189 3463 302 3537 audiri,
335 3465 451 3537 nutrix,
482 3465 596 3538 inquit,
623 3463 682 3521 fuit
710 3462 895 3521 infinitorum
925 3461 1056 3519 filiorum
1083 3460 1206 3535 Priami,

260 3674 277 3721 3
301 3676 396 3724 mant
418 3668 469 3721 LR
491 3685 512 3720 a
535 3683 596 3736 exp.
620 3667 686 3720 LII
704 3684 781 3723 man.
797 3686 819 3723 r.
912 3672 944 3720 13
968 3668 1067 3733 afferre
1090 3666 1134 3722 ed.

185 3745 221 3795 28
235 3741 332 3812 primo
350 3740 383 3793 R.
473 3743 508 3792 30
526 3756 540 3793 c
558 3740 652 3794 mattis
671 3739 717 3794 ed.
773 3787 778 3797 .

239 3841 300 3881 Dora
315 3840 408 3887 interpr.
421 3839 487 3889 tergi
510 3840 554 3879 vot.
564 3839 583 3880 1.
964 3832 1002 3881 Ὦ.
