2734 4159
483 328 487 332 ’
577 333 760 389 AENEIDOS
778 336 791 389 l
1149 335 1192 400 37

172 504 241 562 ausi
268 502 401 578 fueritis,
424 505 490 563 'non'
515 508 550 562 nt
576 522 656 563 nunc
682 503 781 563 verbis
809 523 862 565 vos
890 524 1029 583 arguam,
1061 504 1113 565 sed
1140 524 1194 565 vos

172 594 307 652 severius
343 592 510 652 vindicabo.
565 597 712 652 macerate
742 596 858 669 sapam,
895 594 951 653 hoc
987 599 1033 653 ast
1069 596 1194 654 celerius

171 686 312 741 remeato.
354 684 471 755 repipue
492 683 563 741 iaec
585 682 670 742 dicite
692 686 795 751 aestro,
817 701 877 741 non
899 683 946 741 nsi
966 686 1124 757 imperium
1141 702 1194 757 pe·

174 772 236 844 lapi
262 788 439 843 saeannspae
467 772 632 840 tridentem,
657 772 709 830 sed
731 773 803 830 miti
825 777 901 831 sorte
922 774 1040 831 domm:
1071 791 1194 832 saevum

147 859 350 934 stridentem,
377 860 576 919 metuendum.
622 861 719 919 mittit
741 863 833 919 etiarn
855 860 915 937 ipsi
936 864 1002 939 regi
1024 863 1194 921 conviciosa

175 948 318 1008 mandata
346 948 517 1009 deformans
544 953 631 1027 regni
652 952 747 1025 ipsius
770 952 951 1026 potestatem
973 954 1005 1009 ot
1026 967 1193 1027 personam,

175 1042 250 1097 tenet
268 1039 328 1107 nze,
350 1039 459 1113 inquit,
477 1041 613 1099 inmania
635 1057 720 1107 saca,
738 1043 859 1108 rostras,
881 1040 974 1108 Eure,
996 1041 1104 1107 domos,
1130 1040 1184 1099 etia
1195 1044 1247 1094 140

174 1144 205 1185 se
227 1130 314 1186 iactet
335 1129 368 1185 in
391 1128 464 1186 aula
481 1125 592 1187 Aeolus
615 1133 641 1187 <t
664 1129 763 1186 rwnso
781 1133 932 1187 vononem
950 1144 1064 1188 carone
1081 1133 1194 1202 reperet:

174 1236 235 1275 non
262 1236 388 1294 regnum
415 1216 506 1275 habet
533 1236 584 1275 rex
611 1221 722 1290 vester,
750 1218 863 1293 inquit,
895 1217 947 1276 sed
974 1236 1046 1277 saxa
1076 1217 1194 1276 deserta

133 1308 230 1365 innoc
252 1303 343 1363 habet
366 1305 475 1379 aulam,
498 1305 550 1364 sed
573 1309 671 1365 custos
696 1309 741 1365 cst
764 1308 898 1366 cacans.

235 1391 309 1467 {See
331 1396 374 1453 ait
397 1392 440 1469 et]
462 1396 536 1453 dieto
555 1398 640 1453 citius
658 1396 773 1454 tumida
791 1414 920 1469 aequom
932 1397 1048 1469 placat:
1071 1395 1193 1455 effectus

176 1482 393 1561 obiurgationis
418 1487 448 1541 ct
470 1483 583 1542 dilatae
606 1502 720 1560 poenae
743 1486 885 1545 continuo
908 1487 1023 1561 extitit,
1050 1487 1085 1543 ut
1112 1484 1193 1544 dicto

176 1574 266 1631 citius
293 1572 445 1648 placidum
473 1572 557 1631 fieret
584 1592 674 1632 maro.
721 1574 907 1647 coumaspne
927 1575 1015 1647 sapui
1035 1575 1127 1633 reubes
1149 1591 1194 1633 so·

174 1661 288 1733 tannae
317 1661 444 1721 reducit:
481 1664 614 1721 omnium
646 1664 861 1722 elementorum
888 1665 1016 1723 removit
1042 1663 1194 1722 iniuriam.

131 1771 158 1811 15
174 1749 265 1809 datur
291 1750 361 1809 huic
388 1751 469 1810 facto
497 1756 653 1826 poetarum
681 1771 764 1811 more
787 1754 962 1826 conparatio
986 1757 1076 1828 atque
1099 1771 1135 1810 ex
1158 1772 1194 1812 aa

173 1841 330 1899 occasione
352 1842 501 1899 tractatur
524 1842 607 1899 cuius
630 1842 731 1899 meriti
754 1846 784 1899 et
807 1842 966 1917 gravitatis
996 1859 1058 1900 essa
1086 1840 1193 1900 debeat

173 1930 228 2003 qui
255 1930 287 1986 in
314 1930 415 2005 patria
443 1948 497 1988 sua
523 1932 633 1989 retinet
659 1932 871 2005 principatum.
919 1948 955 1989 ac
976 1931 1064 1989 veluti
1086 1945 1194 2003 mapno

174 2020 206 2075 in
228 2018 341 2090 populo
368 2036 434 2077 cnm
459 2036 547 2092 saepe
573 2023 670 2078 coorta
699 2023 741 2077 est
770 2021 872 2077 seditio
904 2021 1051 2091 saevitque
1084 2020 1194 2078 animis

173 2108 299 2180 paeone
320 2109 438 2181 culpus,
461 2109 578 2180 iamque
599 2109 679 2180 faces
702 2111 825 2167 ateana
847 2108 960 2176 volan,
987 2109 1074 2180 saror
1096 2111 1247 2166 arma150

130 2218 158 2256 so
173 2196 336 2264 ministrat,
364 2200 425 2255 tnnc
447 2199 557 2269 pietate
581 2214 703 2269 proaem
730 2215 765 2255 ae
791 2198 902 2256 merit-is
934 2198 961 2254 si
993 2198 1067 2269 forte
1095 2198 1194 2255 etrum

174 2302 259 2357 quern
291 2302 474 2357 conspexere,
506 2286 592 2345 silent
623 2288 799 2358 arrectisque
831 2286 954 2344 anricus
981 2286 1113 2353 adsonat,
1143 2285 1194 2343 ille

173 2376 249 2447 repit
279 2373 362 2432 datis
394 2377 509 2433 animos
536 2378 562 2434 et
583 2380 704 2447 pectora
729 2376 847 2433 mulcet:
882 2377 926 2433 sic
952 2378 1071 2433 annuns
1093 2373 1194 2449 pelopi

173 2463 277 2521 cecidit
297 2464 409 2537 frapor,
433 2481 560 2537 aequora
579 2469 736 2538 posquam
753 2465 937 2537 prospiciens
957 2466 1070 2537 puniar
1092 2466 1182 2523 caelo·
1195 2469 1245 2517 155

174 2569 230 2625 qne
257 2553 385 2611 invertens
413 2557 513 2626 apert>
540 2556 627 2625 flectit
652 2571 738 2627 equos
761 2571 906 2626 cnrrnqsn
928 2554 1031 2612 solans
1054 2554 1107 2612 dat
1129 2555 1193 2612 lora

129 2642 308 2701 sesecundo.
346 2642 451 2714 defessi
469 2641 627 2703 Aeneadae
645 2660 720 2716 qnae
738 2644 878 2715 proxima
901 2643 988 2702 litora
1010 2660 1100 2701 aaran
1127 2660 1193 2701 eon·

174 2731 298 2789 tendant
320 2735 418 2804 petere
446 2736 473 2790 et
494 2732 610 2808 Libyae
636 2736 789 2791 cananeae
817 2732 858 2790 ad
884 2749 968 2791 oras:
999 2731 1055 2791 hoc
1082 2734 1127 2790 est
1149 2734 1192 2805 ut,

174 2837 243 2877 cum
271 2820 471 2881 saevientibus
499 2822 619 2897 populis
647 2823 710 2879 iam
737 2825 860 2880 ventum
888 2826 933 2880 est
965 2820 1004 2879 ad
1030 2822 1193 2897 perniciem

174 2912 205 2966 ot
228 2909 360 2967 furentes
383 2909 513 2969 viderint
535 2914 635 2969 virum
657 2914 861 2987 praestantem
883 2912 1007 2983 meritis,
1025 2908 1105 2970 dicto
1129 2911 1192 2967 aius

174 3000 205 3056 et
237 2999 478 3072 persuasionibus
512 3000 721 3075 adquiescunt,
753 3002 796 3058 sic
828 3002 924 3060 omnis
958 3000 1060 3077 pelagi
1090 2999 1194 3076 fragor

127 3109 158 3149 so
174 3088 347 3161 conquievit
365 3088 420 3146 sub
439 3091 618 3149 auctoritate
641 3091 772 3149 rectoris.
809 3090 962 3164 praestitit
980 3091 1095 3146 interea
1112 3086 1192 3162 Nep·

172 3176 265 3233 tnnus
298 3175 379 3251 quod
410 3180 522 3253 potuit,
555 3179 696 3238 liberavit
727 3180 813 3237 navis
843 3181 874 3236 et
900 3178 1060 3253 procurata
1091 3175 1194 3251 pelagi

168 3295 390 3309 m-

241 3370 317 3417 .1-2
341 3382 387 3419 cos
409 3368 528 3420 seuerius
551 3366 697 3420 vindicabo
720 3366 772 3418 LR
799 3367 830 3418 in
853 3381 900 3425 uos
922 3382 936 3416 r
960 3364 1089 3418 indicabo
1112 3364 1156 3417 ed.

171 3435 330 3490 teuleriter
347 3437 391 3490 ed.
461 3443 657 3505 taneramque
675 3437 764 3490 ctiam
782 3435 813 3488 in
830 3436 946 3505 interpr.
966 3435 1009 3489 ed.
1075 3437 1192 3490 tetiam

171 3523 228 3560 orn.
248 3507 292 3559 ed.
314 3508 318 3577 Ι
340 3510 495 3563 cononiosa
513 3508 565 3560 LR
583 3510 708 3563 canonia
725 3524 759 3563 ac
777 3508 820 3560 ed.
895 3512 909 3559 7
930 3508 1021 3575 inquit
1038 3521 1092 3559 orn.
1112 3506 1160 3559 ed.

173 3584 206 3650 ,1¹
227 3580 268 3633 sie
286 3581 328 3633 ait
346 3585 371 3633 et
389 3580 470 3634 deest
488 3580 519 3631 in
537 3578 590 3632 LR
608 3579 651 3633 ed.
712 3584 743 3632 17
762 3580 838 3634 uelut
856 3580 890 3635 in
904 3577 973 3633 un.
1026 3580 1142 3631 ‘tt-‘ai
1156 3577 1229 3627 noc

172 3656 212 3704 est
235 3648 372 3707 cnm.th
398 3668 453 3705 non
476 3651 729 3715 estsornissocnne
753 3652 800 3711 ei.
823 3653 878 3711 hoc
902 3659 945 3711 est
967 3656 1005 3708 ut
1032 3666 1102 3708 euna
1127 3659 1199 3697 nos.

170 3725 207 3771 27
222 3726 262 3772 ea
277 3716 327 3772 a'rn.
348 3721 389 3773 ed.
465 3728 501 3778 28
516 3726 647 3792 furentes
666 3727 724 3786 LR
743 3730 767 3802 f.
789 3733 815 3788 si
837 3728 912 3787 eii.
1241 3722 1245 3727 ’
