2734 4159
553 358 555 364 ·
576 330 759 387 summos
778 331 804 387 11
972 421 978 435 .
1134 330 1198 399 227

182 506 302 578 praeter
321 502 518 561 abscisionem
539 503 647 577 eapitis
667 504 758 561 otiam
776 502 856 562 latus
871 503 934 561 eius
949 520 1012 562 esse
1024 504 1200 580 perfossum.

183 592 312 667 denique
340 591 395 650 hoo
422 592 488 651 vult
516 610 579 650 esse
605 592 729 666 vulnus,
762 593 892 650 ceterum
922 592 1061 650 avulsum
1089 593 1200 652 umeris

172 684 274 757 >caput
306 700 365 740 non
398 684 443 738 est
474 681 591 739 vulnus.
637 679 752 754 videre,
785 681 842 755 ait,
874 681 957 739 visus
990 698 1055 739 sum
1087 680 1119 740 in
1146 682 1200 741 illo

183 770 318 846 exemplo
341 770 502 847 imaginem
525 771 629 845 patris,
652 769 844 829 solitudinem
867 769 980 844 uxoris,
1003 769 1200 847 direptionem

155 858 289 918 edemus
312 861 432 917 nostroe
456 861 486 916 et
507 858 593 934 pueri
615 858 661 916 fili
683 859 743 917 mei
765 859 930 917 interitum.
973 858 1029 918 hoo
1052 861 1097 918 est
1121 858 1200 933 quod

182 948 260 1007 dixit
292 947 385 1006 subiit
417 949 480 1005 cari
507 949 650 1025 genitoris
677 948 793 1025 imago,
825 950 860 1006 ut
886 966 987 1026 regem
1016 966 1200 1024 aequaevum

182 1035 297 1095 crudeli
333 1037 455 1096 vulnere
487 1036 552 1095 vidi
583 1036 678 1094 vitam
711 1036 908 1096 exhalantem.
963 1036 1053 1095 subiit
1088 1036 1201 1096 deserta

185 1126 299 1185 Creusa
327 1129 353 1183 et
379 1127 494 1199 direpto
522 1126 625 1184 donnus
648 1129 674 1183 et
692 1128 783 1199 porci
806 1142 891 1185 casus
913 1126 985 1185 luti.
1030 1127 1152 1201 respicio
1176 1130 1202 1184 et

182 1233 258 1289 quoe
280 1217 320 1273 sit
340 1232 386 1273 rne
408 1217 517 1274 circum
540 1217 624 1288 cepio
646 1216 752 1273 lustro:
786 1214 955 1290 novissime,
978 1214 1086 1293 inquit,
1109 1215 1201 1273 etiam

141 1328 168 1365 ro
183 1323 231 1362 me
259 1303 449 1363 considerans
477 1305 531 1379 qui
557 1321 759 1363 remanseram
786 1304 874 1364 solus.
921 1304 1072 1364 deseruere
1094 1308 1253 1363 onmesttt

182 1394 290 1465 defessi
313 1397 340 1451 et
359 1410 482 1466 corporo
502 1393 580 1451 saltu
599 1392 639 1451 ad
657 1395 767 1452 terrum
784 1395 888 1452 mnne
907 1395 960 1452 out
976 1394 1093 1467 undas
1111 1401 1200 1467 cebro
1258 1422 1261 1430 =

182 1483 301 1541 dedere:
318 1482 409 1541 rediit
428 1482 466 1539 ad
483 1482 568 1540 illam
587 1484 704 1558 partem
723 1500 783 1558 qua
801 1481 877 1540 dixit
895 1500 926 1541 se
939 1484 972 1540 in
986 1482 1074 1541 domo
1087 1480 1201 1541 Priami

182 1574 374 1647 supertecta
397 1572 488 1630 fuisse
512 1590 578 1629 cum
600 1571 747 1646 plurimis.
793 1570 986 1631 deseruerunt
1007 1590 1071 1645 me,
1092 1572 1201 1647 inquit,

183 1679 286 1720 omnes
309 1661 381 1718 fessi
402 1659 575 1737 pugnando,
593 1659 677 1719 nullo
701 1660 813 1719 laboris
836 1663 1033 1735 consequente
1056 1678 1200 1721 successu.

141 1769 254 1812 renam
286 1766 353 1807 cum
386 1767 502 1807 summa
533 1748 701 1824 desperatio
730 1751 820 1822 esset,
852 1751 905 1808 aut
931 1750 1110 1826 praecipites
1138 1767 1201 1809 sese

183 1838 327 1897 dederant
350 1842 405 1896 aut
427 1839 542 1896 animas
566 1857 634 1898 suas
658 1840 689 1897 et
704 1833 833 1915 'propria
864 1855 989 1915 corpora
1015 1837 1202 1897 tradiderant
1228 1896 1230 1901 .

182 1928 320 1986 flammis.
359 1945 425 1986 ecce
448 1928 540 1986 etiam
558 1927 608 1985 hic
626 1927 724 1987 solum
747 1946 778 1986 se
801 1926 914 1986 adserit
935 1928 1114 1987 remansisse
1136 1927 1200 1986 lou·

183 2017 258 2076 daus
282 2017 396 2075 occulte
419 2015 507 2074 fidem
530 2034 615 2075 suam
639 2019 670 2075 et
693 2017 899 2077 constentiam.
942 2016 1093 2076 subtiliter
1116 2034 1200 2091 prae-

182 2108 294 2165 teriens
317 2108 438 2165 excusat
461 2109 492 2164 et
514 2108 641 2164 matrem
664 2123 758 2180 suam,
786 2124 878 2181 quam
902 2105 1058 2165 constabat
1081 2122 1201 2165 causam

140 2218 168 2258 ιο
181 2195 275 2254 fuisse
298 2196 445 2253 malorum
469 2197 601 2254 omnium
625 2213 701 2271 quae
720 2190 876 2259 narrabat
911 2212 977 2255 curn
994 2196 1067 2255 mihi
1085 2212 1123 2263 se,
1141 2210 1202 2253 non

183 2289 252 2343 onte
274 2283 365 2342 ocutis
387 2288 448 2341 turn
471 2285 562 2353 eluro,
580 2284 738 2343 uidendum
756 2284 858 2342 obtulit
875 2286 902 2343 et
913 2303 996 2359 puro
1008 2302 1066 2357 per
1083 2286 1254 2343 ueneratio

182 2377 216 2434 in
236 2373 298 2431 lucc
315 2373 432 2445 refulsit
449 2374 530 2432 aimo
542 2390 656 2446 purnes
674 2374 808 2446 confesso
826 2372 911 2432 decen
934 2374 1085 2447 qualisque
1107 2373 1201 2432 videri

183 2463 328 2522 caelicolis
360 2466 386 2520 et
417 2466 528 2535 quanto
560 2463 630 2519 sciet
661 2461 819 2535 dextroque
849 2462 1028 2535 prehensum
1060 2463 1201 2522 continuit

182 2568 321 2624 roseoque
346 2551 417 2610 boec
443 2554 565 2623 iusuper
587 2551 704 2611 addidit
725 2568 787 2609 ere:
819 2549 895 2609 dixit
917 2553 1013 2610 omnis
1037 2551 1201 2611 deseruisse

141 2664 168 2703 ss
184 2640 265 2716 quod
284 2640 422 2718 agebant,
437 2659 504 2698 cum
523 2639 715 2699 defenderent
732 2638 853 2699 domum
866 2638 984 2698 Priami·
999 2642 1030 2699 et
1043 2640 1075 2699 id
1088 2640 1201 2700 frustra

184 2730 329 2788 facerent:
351 2731 416 2804 ipse
439 2749 498 2804 quo
516 2729 605 2788 modo
622 2729 778 2788 recesserit
795 2726 877 2804 dicit,
895 2748 932 2788 ne
950 2729 1088 2787 videatur
1106 2730 1199 2789 etiam

182 2820 249 2894 ipse
272 2820 371 2894 operis
394 2818 496 2877 labore
519 2819 665 2895 fatigatus
688 2818 851 2877 recessisse.
886 2832 1000 2893 omnes,
1022 2819 1132 2894 inquit,
1156 2820 1199 2877 la-

182 2906 316 2967 borando
349 2908 420 2966 fessi
451 2911 481 2967 et
512 2910 576 2966 sine
609 2908 712 2983 aliqua
743 2906 877 2965 utilitate
909 2906 1049 2967 certando
1087 2906 1199 2967 debiles

182 2996 294 3057 redditi
321 2995 421 3055 taedio
450 2996 639 3056 adversarum
667 3015 768 3054 rerum
796 2995 872 3054 mori
899 2995 1068 3055 maluerant
1095 2998 1126 3055 et
1148 2995 1200 3054 du·

142 3086 293 3162 replicem
317 3085 504 3145 voluntariae
527 3086 633 3144 mortis
652 3085 836 3144 occasionem
854 3085 966 3160 nancti,
985 3102 1053 3144 oum
1071 3083 1200 3144 altitudo

183 3195 244 3234 non
269 3174 383 3233 deesset
405 3177 436 3234 et
458 3173 594 3233 incendio
617 3173 850 3249 dominarentur,
873 3175 928 3233 aut
950 3174 1130 3250 praecipites
1151 3172 1200 3233 de-

184 3264 292 3323 derant
319 3282 382 3323 sese
410 3267 464 3323 aut
491 3265 641 3340 petierant
668 3262 817 3322 flammas:
853 3282 890 3322 ne
919 3263 950 3321 et
976 3263 1041 3338 ipse
1072 3261 1201 3321 alterum

182 3354 312 3413 facerem
341 3355 406 3429 aut,
431 3352 510 3429 quod
533 3355 689 3427 supererat
711 3353 847 3428 tertium,
869 3350 964 3411 hostis
988 3350 1134 3411 occideret
1155 3369 1200 3409 re·

257 3512 272 3559 o
291 3508 420 3560 interitus
439 3504 491 3558 LR
510 3505 552 3559 ed.
573 3511 642 3560 tum
661 3522 682 3558 r.
757 3510 791 3559 14
809 3508 996 3573 consequentes
1013 3502 1066 3556 LR
1087 3508 1124 3557 ·te
1142 3520 1164 3557 r.

184 3584 218 3633 16
238 3578 346 3631 animos
365 3577 406 3631 ed.
434 3578 438 3648 Ι
466 3592 533 3631 suos
551 3594 604 3631 om.
619 3576 663 3631 ed.
738 3580 771 3632 18
789 3581 946 3647 praeterens
961 3574 991 3628 u
1007 3574 1173 3644 oracionem
1186 3589 1218 3623 n.

239 3654 273 3702 20
292 3650 441 3703 enarrabat
458 3648 500 3702 ed.
523 3650 531 3718 i
555 3665 652 3705 versus
671 3653 819 3707 ost-sss
838 3647 959 3705 silentio
976 3638 1240 3718 sesterionem·

231 3724 267 3770 29
281 3720 374 3772 redde
388 3718 419 3774 L.
444 3722 453 3789 s
482 3722 646 3782 mannent
664 3723 724 3781 th
743 3724 792 3782 ed.
870 3728 909 3779 ‘ib
932 3724 1054 3793 superot
1066 3714 1110 3768 lx·

975 3808 1037 3868 ib·
