2734 4159
202 291 269 357 504
335 303 337 308 ·
483 289 624 346 DONATI
640 290 810 346 musaea
829 290 937 345 VERG.

202 460 305 520 tioium
327 460 449 536 plenum
471 461 536 520 eius
559 461 612 536 qui
639 459 675 518 de
702 460 840 535 potentia
866 461 980 519 maiore
1007 478 1043 519 ee
1065 460 1217 519 voluntate

204 548 339 609 studiosa
352 549 534 625 praestabat.
570 548 732 622 infinitum,
750 550 860 625 inqiut,
877 548 1000 624 pluviae
1013 542 1138 609 modum
1154 566 1217 608 mox

203 637 340 715 Iuppiter
361 637 488 698 navibus
511 638 625 697 infudit
647 637 821 697 ardentibus
845 640 936 714 atque
958 640 1004 697 ita
1026 638 1152 697 illarum
1175 657 1218 697 ex·

201 728 295 786 tinxit
316 728 463 803 incendis,
486 730 522 787 ut
544 728 653 786 earinis
677 727 808 803 oppletis
831 724 870 785 ne'
890 746 985 804 vapor
1007 727 1132 804 quidem
1153 726 1217 787 reli·

204 836 279 892 quus
302 819 476 876 remaneret.
522 817 649 893 perditis
672 818 768 895 igitur
790 818 942 893 quattuor,
965 834 1042 892 quas
1065 818 1137 876 ante
1160 835 1249 876 eae-s

201 905 277 964 leste
306 904 483 964 beneficium
513 904 743 982 absumpserant
770 904 923 979 flammae,
953 923 1056 965 omnes
1088 906 1146 966 hoe
1178 908 1219 966 est

201 994 335 1070 reliquae
363 993 509 1055 liberatae
536 997 614 1055 sunt
660 996 808 1070 quantum
835 993 954 1054 Aeneae
981 996 1092 1054 meruit
1121 995 1219 1071 depre-

203 1084 292 1158 catio,
308 1084 357 1143 eui
370 1082 429 1143 duo
444 1086 516 1143 sunt
528 1083 675 1160 praestita
690 1102 766 1159 quae
780 1085 902 1161 negotio
915 1084 1218 1158 fueruntneeessaria

202 1172 340 1232 celeritas
363 1172 508 1250 beneficii,
531 1172 603 1250 quie
620 1172 762 1250 quiequid
781 1172 902 1231 flamma
919 1172 1087 1249 possederit
1104 1176 1219 1233 mabrre

202 1263 366 1336 eonsumit,
393 1265 425 1322 et
446 1264 491 1322 vis
520 1262 694 1338 pluviarum
720 1262 818 1322 maior
845 1280 913 1321 eum
940 1264 1121 1338 tempestate
1145 1280 1249 1323 eom-n

201 1349 303 1426 moda,
331 1370 408 1427 quae
431 1351 512 1428 ipsas
539 1352 660 1428 pluvias
693 1351 910 1426 concitaverat,
940 1353 976 1410 ut
1002 1351 1134 1410 incendii
1160 1370 1218 1411 ma·

202 1440 298 1498 iorem
320 1441 383 1499 vim
407 1441 581 1518 extinguere
604 1441 786 1517 potuissentl

151 1514 202 1582 700
269 1526 313 1587 At
333 1533 423 1602 pater
443 1528 561 1588 Aeneas
589 1547 661 1588 oasa
683 1547 840 1589 eoeeassas
868 1530 970 1588 acerbo
992 1547 1072 1589 eaew
1098 1530 1188 1589 bae
1176 1548 1219 1589 aa·

200 1619 303 1692 sentis,
325 1636 405 1677 aaew
426 1618 497 1677 iiiam
514 1621 631 1691 pertore
653 1636 742 1677 esras
754 1619 897 1678 metebat
919 1636 1054 1687 essaeos
1076 1617 1219 1679 suasum

201 1706 340 1765 resideret
368 1709 450 1766 ereis
479 1707 586 1766 oblitas
612 1708 756 1780 fatorum,
785 1708 920 1767 Italasne
949 1712 1110 1781 capesseret
1137 1724 1249 1768 orasse

201 1794 275 1855 haee
298 1794 418 1854 fuerant
439 1795 472 1853 in
495 1795 710 1855 deliberatione
732 1796 851 1856 Aeneae
875 1798 1039 1856 constituta
1067 1800 1099 1856 et
1120 1800 1219 1857 tamen

203 1883 261 1942 sibi
287 1885 452 1960 eontraria3
479 1904 550 1944 nam
576 1884 692 1944 taliae
716 1886 832 1944 diverso
860 1885 1021 1945 veniebant
1048 1905 1126 1962 quae
1154 1906 1219 1947 eon·

201 1972 362 2032 funderent
393 1977 588 2033 aestuantem.
642 1993 736 2033 unum
768 1974 827 2033 fuit
861 1973 1106 2051 conpendiosum,
1142 1975 1220 2053 quod

203 2063 381 2121 amissarum
421 2064 544 2121 navium
586 2063 726 2122 veniebat
766 2083 801 2122 ex
842 2082 925 2139 essu,
971 2067 1006 2123 ut
1045 2066 1077 2123 in
1116 2064 1220 2124 sieilia

202 2169 272 2208 eum
313 2153 401 2210 soaiis
443 2155 619 2212 remaneret.
668 2152 739 2210 huie
771 2153 895 2213 oonsilio
929 2153 1105 2212 oeeumebat
1140 2156 1255 2213 inex-so

202 2239 375 2316 pugnabilis
405 2241 537 2300 fatorum
569 2243 745 2315 necessitas,
780 2260 857 2317 quae
888 2242 975 2300 illum
1007 2242 1148 2302 trahebat
1184 2243 1221 2302 ad

202 2326 337 2403 Italiam,
377 2329 429 2388 sed
465 2350 500 2389 eo
534 2330 619 2388 tendi
654 2349 714 2389 non
750 2333 870 2406 poterat
907 2331 1061 2391 deficiente
1098 2353 1221 2392 numero

202 2419 339 2492 navium,
372 2420 425 2494 qui
456 2419 603 2479 universis
635 2419 862 2479 transvehendis
894 2420 1054 2479 videbatur
1080 2440 1144 2481 esse
1172 2441 1222 2480 ne-

203 2506 356 2565 cassarius
414 2512 477 2567 tam
514 2511 611 2567 senior
642 2510 770 2578 Nautes,
814 2528 907 2567 anam
948 2509 1083 2569 Tritonia
1119 2512 1223 2571 Pallas

151 2600 202 2650 705
213 2613 297 2668 quera
319 2597 417 2656 doeait
433 2597 582 2672 mattaqae
599 2601 744 2673 insiyeem
760 2599 881 2657 sedditit
898 2603 969 2667 arte,
993 2600 1064 2658 haee
1081 2617 1223 2673 responsa
1237 2619 1259 2660 rs

204 2684 308 2743 dabat:
340 2686 533 2745 deliberantis
559 2687 707 2746 incertum
738 2691 768 2745 et
794 2688 935 2747 confusae
962 2690 1072 2747 mentis
1099 2689 1224 2749 turbata

204 2774 329 2833 consilia
356 2775 527 2835 instruebat
549 2776 677 2849 Nautes3
706 2777 778 2835 talis
807 2779 885 2835 enim
913 2778 1012 2835 fuerat
1041 2778 1093 2852 qui
1121 2782 1224 2838 aetate

202 2864 304 2939 potior
325 2867 491 2923 mereretur
509 2864 607 2924 audiri
631 2868 661 2924 et
680 2884 769 2940 quem
787 2865 888 2925 Pallas
907 2866 1027 2925 fecisset
1045 2867 1225 2942 prudentem

204 2952 293 3011 etad
313 2954 502 3012 sentiendum
525 2953 801 3030 providendumque
823 2954 1001 3014 reddidisset
1024 2955 1223 3031 aptissimum.

202 3039 323 3100 laudem
345 3043 514 3102 istiusmodi
537 3043 757 3118 praemittendo
780 3044 842 3101 iam
870 3044 1000 3103 ostendit
1026 3044 1123 3120 ipsius
1152 3064 1224 3105 eon·
1238 3067 1259 3107 a

203 3130 279 3189 siliis
302 3130 426 3190 Aenean
455 3133 635 3191 instructum
659 3133 820 3192 occurrisse
849 3151 903 3209 pro
932 3135 1076 3209 temporis
1104 3137 1224 3195 ratione

274 3395 292 3442 4
310 3407 417 3445 carente
434 3390 488 3444 LR
506 3392 599 3446 arenis
617 3391 660 3445 ed.
738 3397 753 3445 b
769 3393 897 3460 perditas
914 3391 1010 3444 Rr=
1021 3392 1051 3446 L.
1069 3394 1073 3461 Ι
1094 3403 1227 3461 qaasate

202 3459 224 3513 L
243 3468 391 3529 quassante
404 3461 430 3515 R
448 3479 517 3532 qaas
535 3470 599 3517 ante
616 3481 631 3515 r
649 3478 704 3516 om.
720 3463 763 3516 ed
819 3469 889 3516 5-6
908 3464 1016 3518 caelesti
1034 3464 1162 3531 beneficia
1176 3467 1225 3520 ed

275 3537 291 3584 6
310 3533 561 3603 absumpserant
571 3535 620 3589 boe
638 3540 677 3588 est
695 3550 749 3587 orn.
765 3534 807 3587 ed.
902 3538 934 3585 17
954 3552 1020 3589 eam
1038 3536 1090 3589 tali
1109 3536 1129 3587 L
1149 3554 1225 3591 siae-

203 3603 255 3656 taii
273 3602 298 3656 a
317 3621 384 3658 eam
401 3605 473 3660 talia
490 3623 505 3659 r
523 3604 566 3658 ed
660 3610 692 3658 19
712 3607 826 3659 naviam
845 3603 897 3655 LR
919 3621 947 3656 a.
966 3607 1099 3659 aenaeam
1122 3607 1165 3661 ed.

203 3680 238 3729 26
256 3675 413 3732 alateum
431 3676 483 3730 LR
501 3676 706 3731 deliberationis
724 3676 767 3730 ed
