2734 4159
591 346 806 403 AENEIDOSI
1143 348 1205 414 121
1281 333 1288 343 “

260 517 404 592 Obstipuit
419 519 521 591 prinu
543 521 661 591 aspectu
678 516 804 577 Sidonia
820 516 910 586 Duo,
933 535 1005 578 cusu
1022 517 1132 577 ‘betete
1149 520 1209 579 oiri

190 612 271 666 tauto
296 612 322 666 ot
342 609 385 666 stc
407 623 457 665 ore
479 607 575 666 leuato
597 610 652 665 est:
673 608 781 683 primo,
803 608 912 681 inquit,
931 610 1070 684 aspectus
1088 606 1207 668 Aeneae

191 699 235 756 sio
257 696 384 755 Didonis
407 697 542 755 animum
564 698 686 770 repente
700 696 885 770 'commovit
912 698 947 754 ut
970 697 1119 772 stupuerit
1140 698 1209 757 visa

189 788 254 845 eius
282 786 392 860 forma,
419 803 522 843 easum
549 785 612 844 eius
640 783 747 844 deinde
774 785 943 843 miraretur.
988 783 1144 845 redeamus
1168 785 1208 845 ad

162 877 374 951 ssuperiorem
405 874 501 950 ipsius
532 873 764 950 descriptionem
796 875 827 933 et
857 875 1043 934 inveniemus
1076 877 1207 951 stuporis

190 964 322 1024 eiusdem
341 981 460 1038 oausas3
482 963 559 1021 dixit
576 965 656 1022 enim
674 982 725 1038 „os
749 981 925 1038 umerosque
949 963 1004 1022 deo
1028 961 1154 1023 similis“
1177 967 1208 1024 at

190 1057 297 1112 cetera.
339 1056 419 1111 reete
442 1070 512 1129 ergo
535 1054 685 1111 commota
708 1052 792 1111 Dido.
811 1052 964 1128 obstipuit.
1007 1070 1079 1111 casu
1101 1050 1208 1111 deinde

189 1144 250 1201 viri
276 1146 376 1201 tanto:
408 1143 520 1217 primo,
546 1142 660 1216 inquit,
690 1144 826 1219 reginam
853 1143 933 1201 tanti
959 1142 1019 1200 viri
1046 1143 1208 1201 commorit

190 1234 342 1307 aspectus,
369 1231 497 1291 seeundo
525 1248 610 1289 casus
639 1249 698 1305 quo
726 1230 850 1290 liberari
871 1231 973 1307 potuit
995 1233 1025 1290 et
1048 1230 1086 1289 ad
1109 1231 1208 1307 ipsam

149 1341 175 1381 ro
189 1321 267 1379 nulli
294 1322 376 1380 visus
404 1322 526 1395 repente
553 1322 716 1395 pervenire.
763 1321 806 1379 sio
833 1322 935 1379 tamen
958 1319 1050 1379 etiam
1072 1320 1141 1396 ipsa
1162 1339 1207 1379 re·

189 1408 323 1486 spondit:
360 1411 426 1483 quia
453 1413 491 1477 te,
517 1412 586 1467 nau
615 1410 684 1478 dau,
706 1426 764 1482 per
785 1413 869 1468 teuto
885 1410 1131 1483 perieula'euaus
1153 1411 1261 1468 betto

189 1499 341 1573 sequitur?
381 1516 456 1572 quoe
483 1500 528 1556 eis
554 1499 725 1557 inmitibus
751 1498 881 1571 adplicat
903 1499 983 1557 oria?
1029 1496 1154 1557 dicendo
1175 1498 1209 1557 in

189 1590 288 1665 prima
315 1590 401 1663 parte
429 1588 574 1646 sermonis
602 1589 648 1646 sui
674 1589 746 1646 nate
773 1587 829 1647 dea
857 1587 989 1647 ostendit
1016 1587 1149 1662 aliquam
1177 1605 1209 1647 se

192 1679 309 1754 generis
337 1678 401 1735 eius
428 1675 539 1735 habere
565 1677 708 1735 notitiam
735 1679 779 1750 et,
805 1676 862 1735 hoo
889 1677 961 1736 licet
983 1676 1064 1753 apud
1086 1676 1209 1737 Aenean

150 1784 176 1825 re
191 1770 293 1843 posset
316 1784 379 1825 esse
402 1765 549 1839 mirabile,
572 1764 691 1824 eddidit
712 1765 834 1843 indigne
857 1765 944 1824 illum
962 1768 1028 1842 pati
1046 1768 1081 1824 ut
1099 1784 1134 1825 ex
1152 1766 1209 1825 dea

191 1857 310 1933 genitus
343 1855 459 1914 delatus
491 1856 532 1913 sit
562 1873 617 1931 per
652 1856 814 1933 naufragia
846 1854 884 1913 ad
919 1856 1056 1933 regiones
1094 1874 1207 1915 saevas.

191 1950 259 2002 tuae
288 1944 337 2003 tue
364 1941 482 2003 Aeneas
512 1962 596 2017 quem
627 1944 788 2003 Dardanio
817 1941 966 2003 Anchisae
995 1945 1076 2002 olma
1111 1944 1209 2003 Venus

189 2034 313 2108 Pbrppit
341 2035 444 2107 peuuit
473 2032 628 2093 Simoentis
660 2033 701 2092 od
732 2033 865 2092 tundam?
915 2050 981 2091 ecee
1014 2034 1044 2090 et
1075 2032 1208 2091 locorum

190 2125 293 2200 tetigit
325 2125 355 2180 et
385 2122 504 2181 Aeneae
537 2124 632 2199 ipsius
664 2140 772 2182 nomen
805 2124 836 2179 et
864 2139 1022 2198 personam
1048 2123 1208 2197 parentum

150 2232 177 2271 ao
191 2211 381 2286 ostenditque
404 2229 435 2270 se
454 2212 644 2271 miseratione
664 2212 854 2285 commoveri,
873 2229 940 2270 eum
958 2210 1033 2269 dicit
1050 2229 1104 2286 per
1121 2212 1208 2270 tanta

191 2301 325 2377 pericula
348 2302 415 2375 quis
438 2303 469 2358 te
492 2319 577 2360 easus
600 2302 771 2377 insequitur
792 2303 898 2359 natum
917 2320 953 2359 ex
971 2296 1046 2359 dee?
1080 2300 1209 2358 miratur

191 2409 257 2448 eam
282 2407 358 2465 quae
382 2388 484 2448 debuit
507 2392 643 2465 potentia
665 2389 799 2449 numinis
823 2389 869 2449 sui
891 2390 972 2449 tueri
989 2388 1085 2447 filium
1104 2392 1209 2448 eontra

191 2481 292 2538 omnia
323 2478 511 2537 incommoda
541 2498 596 2539 nee
627 2483 729 2537 tumen
760 2479 843 2537 fauit.
893 2482 928 2538 ut
959 2481 1060 2537 autem
1089 2477 1209 2538 Aeneae

191 2567 419 2626 admirationem
447 2569 578 2628 auferret
606 2587 622 2627 e
649 2567 762 2642 medio,
790 2586 852 2643 qua
879 2567 958 2626 idem
980 2568 1077 2627 teneri
1099 2569 1208 2643 potuit,

150 2675 177 2715 ae
191 2659 313 2732 exponit
339 2659 407 2732 ipsa
434 2657 582 2732 quomodo
609 2658 724 2717 factum
752 2658 793 2715 sit
819 2659 854 2716 ut
877 2660 908 2716 et
929 2658 1042 2732 ipsum,
1071 2659 1208 2731 quamvis

191 2746 344 2821 opinione,
373 2748 403 2803 et
430 2764 523 2823 genus
551 2748 615 2805 eius
643 2749 753 2816 nosset.
799 2750 885 2820 utque
908 2747 1039 2820 equidem
1063 2747 1209 2805 Teucrum

190 2837 310 2894 memini
327 2834 440 2893 Sidona
458 2838 556 2894 eeuire
574 2836 685 2907 finibus
708 2835 861 2909 expulsum
873 2837 993 2908 patriis,
1011 2852 1089 2894 uoou
1107 2853 1199 2910 repuu
1209 2840 1261 2889 620

185 2929 328 2997 pctouiem
351 2926 463 2983 auxilio
486 2925 571 2994 Beli·
591 2927 705 2999 punitor
727 2928 789 2983 tuus
807 2924 901 2982 Rebus
923 2926 1052 2998 opimata
1074 2926 1210 2984 vastabat

193 3012 323 3087 Oppium
354 3017 381 3071 et
411 3016 502 3072 uiator
533 3014 646 3073 dicione
677 3014 797 3073 tenebat.
843 3016 968 3086 tempora
999 3015 1061 3071 ium
1093 3031 1127 3072 aa
1157 3014 1209 3071 tuo

149 3122 177 3163 eo
191 3120 277 3161 casus
299 3104 371 3160 mut
393 3106 524 3178 coquitur
546 3104 629 3161 urbis
654 3103 803 3162 iboiuuue
824 3118 984 3176 uomeuque
1012 3106 1094 3160 tuum
1116 3119 1209 3177 repes·

263 3245 279 3292 3
298 3247 405 3308 repente
424 3257 477 3294 om.
493 3238 536 3294 ed.
554 3240 558 3308 l
574 3238 702 3307 stipuerit
716 3236 768 3289 LR
786 3236 956 3305 obstupuerit
974 3234 1016 3289 ed.
1075 3241 1092 3288 4
1110 3235 1209 3289 daim

190 3310 243 3363 LR
261 3312 377 3379 denique
396 3312 439 3365 ed.
509 3315 525 3362 6
544 3310 634 3379 ipsius
651 3307 704 3360 LR
722 3309 781 3362 eius
799 3307 842 3361 ed.
908 3312 924 3360 6
943 3308 1061 3361 eiusdem
1079 3305 1133 3359 th
1150 3307 1210 3360 uice

191 3382 233 3435 ed.
291 3382 523 3438 icuumotaLIt
537 3382 630 3451 priueo
644 3386 790 3449 aspectae.
808 3396 830 3432 r.
888 3377 1210 3446 latinissimum

192 3453 244 3506 LR
262 3459 287 3507 et
306 3454 348 3507 ed.
415 3451 691 3523 repossited.1ou
709 3448 1207 3522 dipueLRiudiquariudiprued.

245 3531 279 3577 22
298 3542 357 3579 eum
375 3526 401 3578 R,
419 3543 480 3581 euru
497 3525 519 3577 L
538 3525 611 3579 euim
629 3522 672 3576 ed.
703 3525 708 3591 Ι
736 3522 782 3577 sui
799 3523 871 3577 tueri
888 3520 942 3574 La
959 3521 1142 3576 demonstrari
1159 3526 1211 3575 aut

190 3596 324 3664 interpos.
340 3597 383 3650 ed.
458 3602 492 3650 23
510 3596 575 3663 feeit
594 3594 637 3647 ed.
712 3599 747 3647 24
766 3611 779 3649 e
797 3593 885 3648 medio
906 3609 960 3647 om.
976 3592 1019 3646 ed.
1098 3596 1131 3645 26
1151 3592 1209 3646 eius

190 3668 259 3723 Lee
277 3667 302 3719 It
325 3670 384 3723 eius
407 3685 509 3722 eomr
551 3669 556 3735 l
594 3671 714 3721 nosceret
736 3664 780 3720 ed.
890 3668 923 3719 ‘ii
950 3664 1067 3720 sidonio,
1077 3662 1151 3715 UA.

191 3744 226 3791 28
244 3740 308 3791 belli
322 3738 375 3791 Lu
393 3755 461 3794 corr.
480 3756 503 3794 r.
