2734 4159
580 327 763 383 AENEIDOS
782 328 808 382 V
1142 328 1208 393 429

192 500 267 557 vitio
287 498 384 556 malae
404 499 606 574 navigationis
626 515 748 570 errasse,
767 500 802 555 ut
816 496 944 556 Acesten
963 498 1072 556 iterum
1090 498 1209 557 videam

192 591 222 646 et
240 591 350 646 terram
368 587 426 644 mei
447 589 542 661 patris
561 587 705 661 reliquias
724 587 934 645 continentem.
964 588 1034 646 boec
1051 587 1103 646 abi
1121 588 1207 649 dicta.

187 682 291 750 petam
308 680 427 749 portus:
459 676 532 734 haec
555 675 671 734 Aeneas
696 674 779 748 dixit,
803 694 862 733 non
886 678 987 734 tamen
1009 676 1114 751 Erycis
1138 677 1209 735 fecit

193 767 380 824 mentionem.
415 766 471 824 hoc
496 767 607 841 quippe
630 784 738 824 nomen
762 766 873 837 omisit,
893 766 1036 839 quoniam
1055 764 1134 840 quod
1153 764 1207 823 Pa-

165 857 308 913 slinurus
333 854 408 912 dixit
427 854 571 929 replicare
591 873 650 912 non
669 852 780 911 debuit.
818 853 935 912 addidit
954 856 1054 911 tamen
1072 854 1208 911 Palinuri

192 944 279 1002 dictis
304 946 496 1021 augmentum
519 942 700 1001 nominando
719 943 846 1002 Acesten
871 945 901 1001 et
923 947 1080 1019 paternam
1098 961 1207 1000 memo-

191 1033 276 1091 riam.
315 1037 340 1091 et
361 1034 426 1090 ecla
448 1032 568 1091 secandi
592 1032 744 1090 intendunt
766 1034 891 1106 zephyri,
910 1034 1004 1104 sertor
1022 1034 1079 1091 cito
1095 1035 1209 1106 carpite

192 1122 307 1180 classis:
340 1124 456 1180 mutato
484 1122 688 1198 navigationis
716 1139 806 1179 cursu
828 1116 1004 1196 prosperum
1027 1122 1141 1180 factum
1164 1125 1208 1181 est

192 1211 270 1285 quod
299 1213 331 1267 in
359 1211 419 1268 alia
446 1210 636 1268 tendentibus
666 1212 848 1268 contrarium
881 1211 952 1285 fuit3
990 1212 1101 1286 quippe
1134 1210 1208 1269 fere-

152 1321 177 1358 ιο
192 1300 302 1357 bantur
329 1318 420 1357 naves
448 1298 581 1358 cursibus
608 1298 714 1373 plenis.
762 1302 788 1356 et
810 1298 926 1357 tandem
949 1300 1017 1356 loeti
1043 1304 1129 1357 mim
1156 1301 1208 1357 cd·

193 1393 345 1446 certantur
371 1390 513 1446 turmae:
550 1387 687 1446 Troianis
714 1387 832 1446 laetitia
860 1388 931 1461 fuit,
962 1388 1040 1463 quod
1071 1387 1109 1446 ad
1136 1389 1208 1446 litus

192 1477 379 1536 intendentes
403 1477 442 1535 ad
463 1478 530 1536 loca
553 1479 654 1536 tamen
676 1478 750 1534 nota
772 1479 985 1552 pervenissent.

260 1566 301 1625 At
327 1567 434 1640 procui
465 1584 499 1625 ec
530 1567 602 1624 celso
634 1567 759 1624 miratus
789 1568 893 1624 vertice
919 1568 1024 1624 moritis
1052 1564 1209 1623 amentum
1227 1572 1261 1621 35

192 1658 341 1728 sociosque
367 1660 445 1714 rates
472 1653 615 1729 [occurrit
636 1652 787 1729 AcestesJ:
820 1654 926 1713 civitas
949 1656 981 1712 in
1005 1673 1064 1730 qua
1086 1654 1208 1714 Acestes

153 1765 178 1803 15
193 1744 434 1803 commorabatur
467 1744 525 1801 fuit
557 1745 589 1800 in
622 1744 749 1817 excelso,
782 1763 842 1819 qua
875 1761 965 1802 causa
995 1744 1084 1820 longe
1112 1743 1209 1802 adhuc

193 1834 305 1909 positas
330 1834 414 1892 navis
439 1833 562 1909 agnovit
586 1850 648 1890 esse
667 1832 812 1891 Troianas
836 1836 866 1891 et
890 1851 991 1890 earum
1016 1835 1061 1891 est
1083 1832 1208 1891 miratus

193 1924 362 1980 adventum.
407 1923 520 1999 legitur
547 1924 577 1979 et
605 1922 747 1995 accmrit,
779 1922 858 1997 quod
887 1924 932 1980 est
959 1922 1086 1995 amplius
1118 1940 1209 1997 quam

193 2013 329 2070 occmrit.
368 2012 508 2069 occurrit:
528 2028 666 2069 occursus
684 2012 744 2069 iste
762 2010 973 2085 inpatientiam
992 2010 1121 2069 hominis
1140 2029 1208 2069 vere

193 2100 375 2178 gratulantis
395 2100 538 2158 ostendit:
558 2118 618 2158 non
637 2101 722 2157 enim·
734 2098 811 2158 ferre
830 2098 929 2174 potuit
948 2098 1040 2158 donec
1058 2099 1096 2157 ad
1110 2102 1209 2174 ipsum

152 2191 264 2247 solitus
298 2189 478 2247 accederent.
523 2190 661 2247 horridus
692 2190 725 2246 iri
755 2189 861 2247 iaculis
894 2192 920 2247 et
942 2189 1020 2261 pelte
1047 2188 1208 2261 Libystidis

192 2297 289 2344 orsae,
312 2280 400 2336 Troia
421 2277 538 2337 Criniso
561 2281 726 2351 conceptam
744 2279 864 2349 simmae
882 2280 975 2336 mater
992 2294 1076 2349 qoem
1091 2280 1209 2351 ycncit:

192 2370 258 2440 ipso
287 2369 366 2425 enim
394 2368 477 2425 cultu
503 2369 550 2425 uti
578 2366 681 2425 debuit
709 2367 761 2441 qui
790 2368 867 2425 esset
896 2366 953 2424 tali
984 2368 1108 2442 parente
1140 2386 1207 2442 pro·

193 2457 324 2533 genitum
360 2456 485 2514 flumina
513 2455 591 2513 enim
624 2456 686 2514 sine
714 2457 806 2514 vestis
839 2454 1001 2513 ambitione
1033 2455 1207 2532 pinguntur.

194 2546 273 2619 quod
301 2547 345 2603 ait
369 2545 459 2603 Troia
486 2548 595 2618 mater,
623 2563 683 2603 non
705 2546 837 2620 patriam
861 2544 949 2617 dixit,
973 2544 1024 2603 sed
1047 2545 1208 2604 Troianam

152 2655 178 2694 as
193 2635 354 2693 mulierem.
401 2633 524 2709 proinde
557 2652 623 2693 cum
654 2634 711 2691 hoc
743 2632 884 2706 dicimus,
920 2635 953 2691 in
984 2632 1039 2692 tris
1076 2634 1207 2709 syllabas

194 2724 380 2782 ecferendum
408 2728 466 2797 est,
494 2726 530 2782 ut
557 2725 598 2781 sit
624 2725 671 2781 tro
700 2723 774 2779 item
796 2724 809 2779 i
830 2722 904 2780 item
927 2742 953 2782 a.
998 2727 1127 2781 eaerum
1149 2741 1208 2781 noo

192 2815 333 2871 inmemor
355 2812 404 2871 ille
422 2814 734 2885 prememoratam
753 2812 885 2869 reduces:
909 2812 1098 2871 considerans
1116 2831 1207 2871 unam
1227 2817 1261 2866 40

193 2902 251 2960 sibi
275 2907 304 2960 et
327 2903 388 2960 illis
412 2920 474 2960 esse
499 2902 644 2977 originem
667 2902 801 2958 veterum
824 2900 993 2978 gratulatus
1017 2904 1061 2960 est
1085 2920 1134 2960 eos
1153 2902 1207 2959 ite-

192 3012 258 3048 rum
288 2994 411 3049 venisse.
457 2992 545 3049 huius
573 2989 708 3048 laetitiae
739 2989 818 3064 quod
850 2989 909 3047 fuit
941 2988 1079 3067 signum?
1122 3008 1207 3064 queo,

266 3222 279 3266 7
300 3218 388 3281 sertor
406 3230 460 3267 om.
471 3213 530 3266 LR.
595 3219 626 3266 12
646 3219 712 3267 meat
729 3214 867 3268 tendentes
885 3213 906 3264 L
925 3229 979 3266 ras.
994 3213 1077 3265 unius
1095 3212 1208 3267 litterae

193 3288 260 3339 ante
279 3288 415 3340 tendentes
433 3285 459 3337 R
477 3286 645 3338 intendentes
662 3300 721 3337 nos.
778 3291 780 3297 '
814 3290 847 3337 14
867 3286 986 3339 occurrit
1003 3285 1111 3339 Acestes
1129 3284 1208 3337 deest

193 3358 223 3409 in
243 3358 306 3423 LR,
331 3358 380 3410 sed
403 3356 567 3425 explicatur.
678 3360 711 3407 18
730 3357 849 3409 occurrit
866 3354 919 3407 LR
942 3371 965 3408 ο.
985 3357 1092 3410 Acestes
1110 3355 1153 3408 ed.

194 3435 225 3480 21
252 3436 276 3482 et
304 3431 375 3483 troia
398 3428 457 3480 LR.
489 3429 492 3497 l
527 3432 668 3493 occeptum
698 3445 714 3479 a
739 3428 880 3496 expuncta
907 3429 936 3479 et
963 3443 993 3481 co
1018 3426 1207 3496 superscripto

193 3500 214 3551 L
239 3500 341 3553 lman.
371 3504 563 3567 acooiiceptum
591 3497 623 3550 R.
733 3503 767 3551 26
795 3497 1003 3564 boecfereadum
1031 3497 1052 3549 L
1084 3498 1154 3564 becs-
1183 3497 1208 3550 a

193 3571 284 3625 bdel.
304 3590 324 3624 r.
355 3574 359 3637 l
393 3578 435 3625 tro
453 3573 516 3623 item
535 3571 546 3621 i
564 3570 627 3622 item
646 3568 698 3621 LR
716 3588 734 3623 a
754 3569 818 3622 add.
833 3588 848 3621 r
866 3569 992 3639 dactylas
1013 3569 1098 3623 Troia
1115 3576 1140 3623 et
1158 3570 1208 3622 ad-

194 3644 321 3696 iectionis
344 3645 449 3695 temere
472 3641 620 3694 substituit
644 3640 687 3693 ed.
707 3640 740 3710 (O
757 3667 790 3685 =
804 3640 857 3693 LR
879 3640 1017 3694 lacunam
1034 3639 1227 3703 retinueram,

194 3713 268 3780 ΗΠ).
344 3719 376 3765 29
393 3729 479 3783 yaeea
499 3712 558 3766 LR.
