2734 4159
206 333 269 397 102
483 330 623 385 DONATI
641 330 810 386 INTERPR.
831 331 939 386 VERG.

202 499 345 577 piendum
364 504 421 575 est3
441 518 512 559 nam
530 502 656 576 uterque
674 499 829 577 obstipuit,
848 504 973 578 uterque
991 502 1147 578 perculsus
1167 505 1222 577 est,

203 590 330 664 donique
358 591 402 649 sio
429 591 544 665 posuit:
576 590 667 649 simul
689 591 754 665 ipse
776 591 834 650 hoc
857 594 901 651 ost
923 590 1053 667 Aeneas,
1077 592 1168 651 simul
1191 595 1222 651 et

142 683 202 733 Ι515
212 677 350 738 Achates.
388 680 554 752 laetitiaque
570 682 717 753 metaque:
740 680 822 746 acidi
840 683 1013 756 cociuupere
1034 682 1153 740 deotras
1172 699 1222 739 or·

202 769 321 836 deducat,
345 769 466 827 cedrea
488 770 603 828 caimos
625 771 773 843 iucoqoco
796 771 908 828 turbat:
940 770 987 830 his
1011 789 1081 848 ergo
1105 769 1222 830 duobus

202 859 296 915 animi
319 857 449 916 motibus
473 857 683 933 obstipuerunt
706 859 736 916 et
759 859 889 933 percuisi
912 861 995 933 sunt,
1024 859 1142 918 laetitia
1165 860 1221 919 sci·
1249 880 1261 920 s

201 946 273 1005 licet
296 949 326 1005 et
347 948 440 1022 metu,
463 946 627 1022 inpellebat
650 966 700 1007 eos
723 947 842 1005 laetitia
864 950 899 1005 ut
922 966 953 1007 se
977 947 1170 1009 ostenderent
1192 950 1223 1029 et

198 1054 323 1095 suorum
346 1035 475 1095 dexteris
498 1037 702 1112 iungerentur,
720 1036 880 1095 revocabat
897 1039 995 1096 metus
1014 1037 1069 1096 sub
1089 1039 1223 1096 omnium

201 1144 303 1183 rerum
329 1126 453 1184 incerto.
500 1124 628 1200 denique
658 1125 814 1203 subiungit
845 1128 943 1184 metus
975 1127 1071 1201 ipsius
1103 1144 1222 1186 causas:

195 1214 391 1273 dissimulant
417 1218 444 1272 ct
469 1214 546 1272 nube
574 1231 648 1272 cuca
670 1215 860 1287 speculantum
882 1217 981 1274 ammi
1004 1232 1079 1289 quoe
1100 1216 1223 1288 furtum

201 1305 284 1372 ciria
308 1304 429 1361 classem
451 1320 506 1375 quo
525 1302 770 1375 cccccccccc,
790 1305 862 1376 quod
879 1306 999 1363 oemunt
1017 1307 1120 1364 cuncti.
1155 1322 1223 1363 ecoe
1237 1324 1262 1365 uo

198 1395 276 1467 quot
298 1392 401 1467 posuit
424 1409 528 1451 causas
553 1410 629 1467 quae
648 1391 781 1451 Aenean·
795 1394 826 1451 et
844 1392 981 1452 Achaten
1003 1395 1133 1453 incertos
1156 1394 1224 1452 red-

197 1481 352 1555 ·didorant3
395 1500 486 1539 unam
522 1499 598 1555 quae
632 1481 783 1540 laetitiam
818 1485 967 1557 moverat,
1008 1501 1084 1557 quae
1123 1482 1225 1542 fuerat

200 1570 362 1628 manifesta
384 1568 472 1628 sociis
496 1570 596 1628 salvis.
637 1570 745 1629 merito
770 1589 840 1655 ergo
863 1571 1041 1647 prudentiae
1064 1572 1225 1631 consilium

200 1660 261 1717 fuit
288 1657 428 1734 primitus
453 1659 607 1733 explorare
634 1678 711 1733 quae
734 1659 867 1718 fecerant
888 1662 1015 1735 metum,
1038 1662 1075 1719 ut
1097 1660 1226 1720 sciretur

200 1767 278 1823 quae
305 1748 428 1806 fortuna
456 1748 543 1821 viris,
571 1748 627 1806 hoc
654 1751 701 1807 est
729 1766 788 1823 qua
816 1751 973 1808 evaserant
1000 1750 1048 1807 vel
1072 1768 1149 1826 quae
1173 1766 1224 1809 eos
1237 1768 1263 1810 ιι

201 1838 308 1896 fuisset
337 1839 509 1911 exceptura,
538 1836 663 1895 classem
688 1856 746 1911 quo
769 1838 858 1897 litore
881 1838 1035 1913 linquant3
1067 1857 1119 1897 rex
1143 1841 1224 1898 euim

201 1945 261 1985 non
283 1928 403 1985 tantum
427 1925 464 1985 de
486 1927 642 1985 hominum
664 1945 768 1984 verum
791 1928 884 1986 etiam
907 1927 943 1985 de
967 1930 1091 1987 navium
1109 1928 1224 1987 incolu-

201 2017 308 2075 mitate
332 2015 437 2075 debuit
459 2034 523 2075 esse
546 2015 701 2074 sollicitus.
737 2014 812 2074 dicit
830 2018 861 2074 et
879 2016 1075 2076 novissimam
1093 2035 1225 2089 causam,

201 2104 275 2180 quid
307 2106 431 2164 veniant
462 2106 575 2163 cuncti:
617 2123 686 2163 cum
712 2103 786 2163 dicit
814 2107 950 2179 cunctos,
978 2105 1127 2181 quomodo
1156 2106 1225 2165 sub·

202 2197 305 2253 nexuit
328 2213 399 2253 nom
423 2196 486 2253 lecti
507 2195 634 2253 oucibus
657 2194 742 2252 itaut
762 2197 880 2252 orontes
902 2197 1019 2253 centum
1041 2198 1067 2253 et
1085 2194 1226 2267 temptem
1240 2217 1267 2256 xo

202 2284 328 2342 clamore
354 2280 512 2356 petebant?
557 2285 679 2342 cunctos
712 2282 788 2341 dixit
821 2301 870 2342 eos
901 2285 996 2342 omnis
1026 2285 1080 2359 qui
1109 2283 1149 2342 ad
1176 2284 1226 2343 de-

202 2372 383 2447 precandam
414 2372 561 2430 Didonem
594 2376 751 2446 venerant,
788 2391 847 2431 non
885 2372 980 2431 omnis
1013 2374 1068 2447 qui
1098 2372 1229 2433 fuissent

202 2463 361 2538 naufragio
385 2461 520 2535 liberat13
543 2480 614 2520 nam
632 2462 712 2535 lecti,
731 2461 788 2519 hoc
811 2464 857 2520 est
876 2461 927 2535 qui
946 2461 978 2519 in
996 2462 1109 2520 talibus
1128 2465 1227 2521 causis

202 2550 287 2626 loqui
301 2552 423 2625 possent
437 2552 468 2608 et
481 2549 669 2609 commodum
690 2552 791 2608 tenere
810 2568 985 2623 sermonem,
1000 2546 1085 2609 ibant
1104 2552 1228 2611 orantes

202 2640 322 2698 veniam
346 2643 376 2697 et
398 2640 544 2714 templum
569 2640 698 2698 clamore
721 2639 870 2714 petebant.
908 2642 1027 2698 orantes
1047 2642 1077 2697 et
1095 2640 1269 2701 clamorosa

277 2869 290 2914 1
311 2880 377 2915 nom
396 2866 508 2931 uterque
527 2878 581 2914 om.
597 2861 640 2914 ed.
658 2863 662 2930 Ι
678 2866 790 2931 uterque
804 2860 857 2915 LR
875 2869 987 2931 umque
1005 2862 1091 2916 etad.
1149 2869 1166 2916 4
1184 2864 1230 2920 his

203 2933 257 2987 LR
276 2935 317 2988 bis
336 2933 378 2987 ed.
454 2939 575 2987 tanetus
593 2931 636 2985 cd.
668 2935 672 3001 Ι
702 2934 869 3001 impellebant
887 2933 919 2987 R.
951 2936 955 3002 Ι
984 2941 1015 2988 ut
1033 2950 1061 2988 ce
1079 2934 1101 2985 L
1120 2941 1152 2989 ct
1169 2936 1231 3004 ipse

203 3005 229 3058 R
247 3024 309 3059 1=
324 3005 353 3058 L.
429 3005 569 3059 'ldectris
588 3004 631 3058 ed.
662 3010 666 3069 ι
700 3005 750 3058 cub
770 3021 823 3058 om.
839 3005 883 3059 ed.
966 3010 982 3059 8
1005 3006 1123 3059 incertos
1146 3005 1190 3059 ed.

205 3081 239 3130 10
259 3077 326 3145 quid
349 3076 464 3130 veniant
486 3076 579 3129 cuncti
602 3091 654 3127 om.
671 3075 714 3129 ed.
807 3081 839 3130 11
865 3076 937 3145 quod
955 3075 1008 3129 LR
1031 3083 1096 3145 quot
1113 3094 1128 3130 r
1146 3078 1190 3131 od.

206 3153 239 3201 12
258 3165 345 3202 cenom
364 3163 434 3218 quae
452 3145 505 3199 LR
523 3163 634 3215 unoque
652 3146 695 3199 ed.
731 3148 735 3214 Ι
769 3154 909 3201 cieverunt
932 3147 975 3201 ed.
1010 3151 1015 3217 Ι
1049 3148 1166 3213 fueraut
1184 3149 1229 3202 ed.

261 3227 293 3272 13
313 3220 373 3274 auis
391 3217 443 3270 LR
462 3218 506 3270 ed.
530 3217 678 3271 intellectu
703 3220 781 3271 earet
798 3220 883 3273 calvis
901 3236 964 3272 nos:
993 3219 1123 3272 laetitiae
1142 3236 1232 3274 unam

205 3290 403 3344 tantummodo
423 3305 538 3342 causam
556 3289 644 3342 fuisse
663 3289 735 3342 dicit
749 3305 868 3360 eamque
882 3289 1071 3357 manifestam,
1087 3289 1231 3345 sociorum

205 3362 336 3417 salutem.
428 3366 460 3414 16
479 3377 514 3415 ea
531 3362 604 3415 enim
622 3360 675 3412 LR
693 3377 742 3414 rex
760 3363 833 3415 enim
852 3360 914 3413 LII
928 3377 1002 3415 man.
1022 3362 1065 3414 ed.
1085 3363 1184 3415 decim
1202 3380 1231 3418 r:

205 3433 243 3487 of.
264 3449 337 3501 quae
368 3434 403 3486 de
426 3431 541 3502 reginae
565 3431 666 3485 officiis
689 3429 760 3486 dicit
778 3439 845 3501 496,
867 3433 1014 3501 praeterea
1032 3434 1130 3487 etenim
1153 3434 1234 3503 apud

203 3503 347 3559 Donatum
375 3521 421 3558 me
440 3503 533 3573 legere
552 3520 608 3556 uon
627 3502 751 3557 memini.
827 3509 859 3557 19
878 3504 970 3557 cuncti
988 3520 1041 3557 om.
1057 3504 1100 3558 ed.
1130 3507 1135 3572 Ι
1222 3536 1234 3547 -

202 3577 283 3631 modo
301 3576 358 3629 ΒΕ
387 3592 454 3645 quos
472 3574 516 3629 ed.
574 3580 608 3627 20
626 3575 733 3629 cucata
745 3574 873 3629 lemmati
886 3574 1016 3643 praefixit
1035 3575 1091 3629 ed:
1115 3577 1146 3630 at
1159 3520 1234 3631 dd}

185 3649 291 3699 cunco·
302 3645 393 3717 legit
413 3650 443 3703 et
461 3646 659 3717 quaestionem
677 3645 797 3700 adnotat
815 3646 881 3699 inde
899 3648 997 3699 ortam.
1084 3651 1117 3699 21
1138 3648 1235 3717 deprc-

170 3717 303 3770 eandum
324 3718 369 3773 ed.
449 3726 487 3777 25
506 3728 532 3778 et
551 3722 673 3778 clamore
691 3717 747 3773 La
764 3719 895 3788 tenplum
910 3717 1051 3784 iutexpoe.
1071 3718 1116 3769 ed.
