2734 4159
588 305 771 360 AENEIDOS
789 306 803 360 1
1159 306 1204 371 49

180 476 371 554 congrueret
415 493 544 551 namque
567 477 641 534 satis
664 474 928 551 reprehensibilem
949 476 1061 535 feceret
1083 475 1202 535 Aeneae

181 582 354 642 personam,
373 565 401 623 si
418 566 481 624 sine
499 564 603 623 fraude
621 564 748 623 hilarem
771 564 882 623 diceret
900 567 955 623 aut
972 567 1101 643 purgato
1120 565 1202 625 dolo·

181 654 269 713 ribus
297 652 398 727 corde,
425 672 516 729 quem
543 654 738 713 conveniebat
765 655 797 712 in
825 671 878 713 sue
902 672 992 713 causa
1014 655 1083 731 plus
1107 654 1203 733 affligi

184 761 277 819 quam
296 744 418 802 ceteros.
451 742 557 801 dehinc
575 742 744 802 ostenditur
766 746 912 817 quantum
934 745 1034 819 potuit
1056 743 1111 802 illa
1134 762 1202 803 con-

152 832 306 893 ssolatu'o.
351 831 405 896 illi,
428 832 537 907 inquit,
560 848 590 891 se
607 833 741 905 mentor
763 834 919 905 accingent
940 832 1121 906 dapibusque
1145 834 1255 905 fre-210

184 922 271 989 terne,
291 920 370 995 quod
389 940 449 979 non
467 921 601 980 fecerent
618 922 678 980 nisi
700 940 834 980 maerore
851 921 962 980 laxato.
999 922 1105 981 anxius
1123 924 1203 980 enim

186 1012 306 1069 animus
320 1027 374 1068 nec
387 1010 502 1069 vietum
515 1028 569 1069 nec
582 1010 775 1069 refectionem
788 1011 922 1086 aliquam
936 1012 1061 1085 quaerit.
1095 1012 1204 1086 incipit

185 1102 249 1157 iam
272 1097 369 1157 dividi
390 1117 445 1175 per
467 1098 566 1158 officia
588 1101 761 1175 procuratio
785 1100 949 1175 epularum.
986 1118 1057 1158 nam
1076 1117 1202 1176 appara·

186 1193 237 1247 tus
260 1186 321 1263 ipsi
343 1206 398 1262 pro
421 1190 555 1263 personis
579 1190 804 1263 enumerantur3
831 1207 927 1264 neque
946 1190 1026 1247 enim
1044 1188 1203 1248 deliciosae

142 1299 172 1339 ro
187 1276 281 1353 dapes
304 1278 359 1334 aut
380 1278 575 1336 inritamenta
597 1278 685 1355 gulae
708 1278 828 1337 furemnt
847 1277 1013 1336 adhibenda
1032 1279 1106 1337 escis
1124 1278 1203 1335 mili·

186 1371 253 1424 tum
280 1368 312 1423 et
339 1366 387 1424 vel
414 1367 543 1425 maxime
570 1368 785 1443 naufragorum
812 1369 843 1425 et
870 1386 972 1426 eorum
1002 1385 1076 1442 quos
1103 1366 1204 1425 inedia

187 1458 218 1514 et
253 1454 336 1513 mala
371 1455 473 1533 pelagi
509 1456 605 1515 omnis
640 1474 740 1515 moras
777 1456 985 1531 conpellebant
1020 1456 1203 1532 abrumpere.

186 1550 304 1618 tergora
326 1544 472 1617 diripiunt
493 1546 578 1603 costis
600 1547 627 1604 et
648 1547 760 1603 eiecere
782 1545 910 1613 nudent,
933 1563 1010 1618 pore
1041 1548 1074 1603 in
1105 1548 1205 1619 senato

186 1637 300 1692 secant:
332 1635 492 1709 utrumque
519 1633 623 1692 eodem
644 1637 779 1710 tempore
802 1633 965 1708 faciebant,
993 1635 1047 1693 alii
1069 1634 1204 1693 detrehe-

144 1744 172 1785 ιε
188 1723 263 1781 bant
286 1723 368 1780 coria
391 1725 422 1781 et
444 1721 598 1782 nudabant
616 1741 735 1782 carnem
754 1726 793 1797 et,
812 1726 974 1799 antequam
992 1742 1079 1782 omne
1097 1742 1204 1799 corpus

188 1813 361 1888 appareret,
388 1811 443 1869 alii
471 1812 633 1871 enecabant
659 1814 764 1888 partis.
811 1816 914 1888 atque,
938 1815 973 1870 ut
994 1813 1115 1887 plenam
1137 1833 1204 1889 pro·

187 1901 376 1977 perationem
398 1901 490 1960 fuisse
513 1903 702 1974 monstraret,
721 1900 839 1960 addidit
860 1902 1032 1975 ceribnsgne
1054 1904 1204 1960 trementia

188 1992 298 2063 figent:
335 1988 480 2066 figebant,
507 1992 620 2065 inquit,
648 1992 742 2068 virgis
771 1991 874 2050 ferreis
902 1992 1061 2049 trementia
1091 1992 1206 2049 viscera

188 2080 246 2137 hoc
269 2081 316 2137 est
338 2080 371 2135 in
394 2077 502 2154 quibus
526 2079 623 2138 adhuc
647 2080 757 2154 aliquis
781 2081 905 2155 spiritus
928 2082 1093 2153 teneretur;
1126 2078 1205 2154 quod

144 2192 173 2231 ao
188 2168 304 2228 factum
334 2167 466 2226 ostendit
493 2186 542 2226 eos
571 2168 607 2227 de
634 2167 775 2227 torrenda
805 2187 893 2227 carne
924 2170 1077 2246 cogitasse.
1124 2167 1206 2226 litore

189 2274 266 2316 aare
298 2256 395 2315 nean
426 2257 480 2315 otii
511 2259 703 2331 flammasque
734 2259 918 2316 ministrent:
955 2257 1008 2315 alii
1039 2276 1110 2317 vero
1139 2275 1206 2315 oum

190 2365 271 2421 aqua
293 2345 479 2421 inponebant
499 2348 565 2423 igni
587 2366 660 2405 vasa
684 2365 784 2420 aenea,
808 2350 842 2405 ut
865 2346 973 2405 elixam
991 2347 1124 2406 facerent
1143 2365 1205 2405 car·

189 2453 272 2509 nem3
295 2435 369 2493 haec
392 2437 471 2494 enim
495 2435 655 2510 coquendis
674 2435 837 2495 visceribus
856 2437 1062 2495 maturitatem
1082 2436 1207 2495 celerem

189 2525 355 2601 praestant.
407 2523 534 2599 denique
570 2544 639 2584 mox
675 2525 831 2600 epularum
867 2526 1016 2600 proventu
1047 2528 1206 2600 procurato

145 2637 174 2680 ‚s
189 2615 271 2672 vires
299 2612 402 2671 labore
430 2617 460 2672 et
488 2614 566 2672 fame
593 2613 726 2690 perditas
756 2613 937 2673 revocabant
967 2614 1142 2674 invadentes
1174 2616 1207 2671 in

190 2723 227 2763 ea
256 2720 333 2778 quae
359 2702 457 2760 ferina
483 2704 606 2780 pinguis
634 2705 664 2762 et
691 2705 755 2761 vini
783 2704 897 2778 copiosi
924 2706 954 2762 et
981 2706 1090 2763 veteris
1116 2707 1206 2777 atque

190 2792 301 2867 optimi
328 2790 446 2850 bonitas
475 2791 666 2869 suggerebat:
703 2792 759 2851 hoc
787 2795 833 2852 est
860 2792 940 2868 quod
968 2793 1012 2851 ait
1042 2796 1103 2851 inm
1130 2795 1206 2851 ciete

190 2883 329 2939 revocant
350 2882 427 2939 eires
449 2881 565 2954 fnsigne
582 2882 788 2953 peterten.
835 2884 921 2941 tanta
945 2884 1046 2941 autem
1068 2882 1130 2942 illis
1156 2882 1207 2939 ad-

190 2988 280 3029 versa
302 2970 345 3027 sic
367 2970 400 3027 in
422 2969 603 3029 oblivionem
625 2976 778 3043 venerant,
801 2974 837 3029 ut
859 2991 913 3046 per
935 2971 1040 3031 herbas
1061 2972 1122 3030 fusi
1139 2971 1207 3046 plus

144 3086 176 3127 ³0
192 3059 252 3119 sibi
274 3059 444 3134 ingererent
467 3079 557 3134 quam
580 3060 703 3118 refectio
727 3061 908 3135 postulabat.
949 3062 1125 3136 praestitere
1148 3062 1208 3118 ista

191 3190 407 3197 ...-——

267 3269 367 3317 lnam
386 3264 428 3317 ed.
510 3266 639 3318 theoto
658 3264 708 3317 LR
728 3266 848 3333 deposito
867 3265 909 3319 ed.
994 3265 1139 3319 ‘laniones
1157 3263 1207 3316 LR

191 3337 300 3391 amnne
317 3334 360 3387 ed.
442 3340 613 3388 tran—9
633 3342 829 3390 ennrnerontnr
846 3353 901 3390 om.
921 3336 963 3390 cd.
1047 3340 1080 3389 10
1099 3336 1209 3389 escis—-

193 3414 226 3460 11
247 3407 366 3460 manime
380 3406 432 3459 LR
449 3408 497 3461 aed
514 3408 624 3474 refectio
638 3408 820 3475 procuranda
838 3407 882 3461 ed.
940 3412 971 3461 lb
991 3423 1100 3461 eernere
1118 3412 1143 3459 et
1157 3405 1207 3458 th

192 3497 214 3533 c.
235 3478 289 3531 alii
307 3477 373 3531 eds.
447 3484 480 3531 16
500 3480 552 3532 olii
569 3494 623 3531 om.
643 3478 686 3531 ed.
713 3480 716 3546 Ι
742 3486 822 3547 ctgne
841 3478 892 3531 LR
911 3484 936 3533 et
954 3478 997 3532 ed.
1073 3482 1104 3530 17
1123 3478 1209 3544 fnisse

193 3567 248 3604 om.
259 3548 303 3602 ed.
321 3550 324 3617 Ι
340 3550 508 3618 oernbnegne
522 3549 564 3602 ed.
617 3554 651 3602 23
665 3550 774 3604 celerem
789 3566 841 3603 om.
854 3550 897 3603 ed.
949 3553 1054 3603 29-30
1069 3549 1144 3618 plns¹
1154 3549 1210 3602 sibi

192 3625 348 3691 ingererent
361 3619 414 3672 LR
432 3622 605 3690 indulgerent
623 3620 672 3674 edi
691 3620 865 3691 indulgerent
878 3638 925 3676 sen
939 3622 1096 3692 ingererent
1109 3619 1184 3672 adt.

194 3697 229 3746 30
243 3692 406 3761 praestitere
422 3694 476 3745 esta
493 3692 546 3745 ΒΕ
565 3694 671 3749 temere
690 3694 762 3750 mut.
782 3694 829 3750 ed.
1151 3738 1155 3746 .
1182 3745 1184 3749 Α

235 3788 294 3825 Dore
306 3788 401 3835 Intetpr,
420 3790 486 3839 Verg.
511 3792 556 3834 vol.
565 3794 585 3835 Ι.
1009 3792 1029 3841 4
