2734 4159
505 377 512 387 ·
568 361 750 417 muamus
767 345 828 416 1v'
1132 361 1214 425 411<

183 552 268 591 arma
291 536 391 591 autem
409 533 505 591 amis
528 536 662 609 pugnent
680 532 798 608 ipsique
817 534 999 607 nepotesque
1016 530 1081 589 fieri
1099 531 1206 606 potuit·

182 624 263 681 inter
290 620 385 680 multa·
414 640 490 696 quae
517 639 667 680 emersma
694 621 914 694 non'fuerant,
941 621 997 680 hoc
1026 638 1096 699 ergo
1125 619 1200 679 dixit

182 710 338 787 passibile,
362 710 466 769 solent·
482 712 561 768 enim
584 714 684 769 mente
703 710 789 785 'capti
811 710 902 769 etiam
924 709 1004 785 quod
1021 711 1135 768 rectum
1155 711 1218 768 est'

183 800 346 876 aliquando
370 800 487 859 sentire.

155 910 168 949 5
250 890 334 947 Haec
357 891 400 947 cit
422 892 448 946 ct
464 889 564 961 partis
581 889 879 947 ‘animum'ccrs'cbat
896 890 929 946 irc
946 890 1043 945 manis
1064 888 1254 945 ineiscnctso

183 974 325 1051 quaereas
352 973 595 1051 quamprimum
610 978 795 1051 ‘abrumpere
822 977 926 1045 iucem,
954 978 1010 1035 hoc
1037 979 1082 1035 est
1110 994 1200 1051 quam

183 1069 327 1127 celeriter.
380 1066 556 1139 festinabat,
587 1067 702 1141 inquit,
733 1066 822 1139 mori,
854 1068 959 1140 utpote
991 1066 1039 1123 cui
1070 1063 1200 1123 iucunda
1233 1137 1234 1141 Ἰ

183 1155 320 1216 omnibus
345 1156 404 1229 ipsi
425 1174 548 1215 onerosa
567 1157 667 1213 fuerat
684 1155 745 1214 iux.
781 1155 959 1230 inpediebat÷
971 1155 1096 1213 nutricis
1115 1172 1200 1229 prae·

183 1246 294 1318 sautia,
327 1245 377 1302 sed
409 1245 486 1303 hanc
518 1243 586 1303 inde
619 1262 687 1301 cum
702 1245 705 1250 “
718 1244 873 1303 mandatis¹
905 1243 1047 1301 inanibus
1075 1243 1201 1302 alienat:

141 1356 169 1394 αα
183 1339 245 1392 tam
278 1336 400 1392 brec-iter
431 1334 549 1392 Barcen
565 1350 567 1354 ·
585 1336 745 1392 nutricem*
763 1333 869 1407 adfata
901 1332 1023 1406 Scabra
1061 1333 1203 1409 (namque

182 1440 270 1481 eccam
287 1424 391 1496 patria
414 1425 537 1495 antiqua
559 1423 634 1481 cinis
656 1426 725 1480 ater·
740 1422 892 1496 hebetati·
921 1422 1065 1497 breviter,
1092 1421 1200 1495 inquit,

182 1512 283 1570 locuta
307 1511 364 1586 est3
396 1511 452 1570 hoc
475 1512 555 1569 enim
579 1510 773 1569 conveniebat
801 1511 914 1570 volenti
941 1510 1087 1569 maturius
1115 1512 1199 1569 mori.

183 1601 322 1668 Annam,
348 1618 419 1659 cara
446 1598 518 1658 mibi
537 1602 660 1668 4ααΐνόα,
688 1601 744 1658 buc
770 1601 839 1659 siste
865 1616 1008 1658 sororem:
1038 1600 1097 1657 huc
1120 1600 1200 1670 siste,

183 1691 240 1749 hoc
263 1693 308 1747 est
330 1690 388 1749 huc
410 1690 559 1748 instanter
581 1688 691 1747 adduc:
733 1707 803 1748 cara
825 1689 913 1748 mihi:
939 1688 1056 1747 addidit
1077 1687 1218 1764 benigni>

142 1799 169 1839 rs
185 1780 279 1838 animi
303 1780 421 1855 signum
444 1777 567 1837 dicendo
591 1780 669 1853 cara,
689 1780 723 1836 ut
736 1778 1019 1853 perblandimenta
1037 1777 1201 1852 inpetraret

185 1868 273 1943 quod
291 1868 346 1925 illa
373 1870 496 1943 propter
524 1886 599 1926 onus
622 1866 818 1952 provectioris
842 1868 955 1926 aetatis>
974 1869 1098 1942 poterae
1117 1883 1202 1924 recu-⁴

185 1976 264 2031 sare,
294 1961 370 2031 quae¹
397 1975 525 2033 persona
548 1958 712 2031 aptissime
727 1956 848 2035 negotio
864 1956 943 2030 ³fuit,
970 1958 1007 2013 ut·
1028 1974 1094 2013 cum
1116 1972 1215 2013 mora¹

183 2049 328 2123 pergeret,
353 2065 419 2104 cum
442 2064 527 2105 mora
541 2045 703 2105 remearet.
749 2045 878 2121 denique
895 2047 939 2103 'ut
957 2046 1013 2103 hoc
1040 2044 1098 2101 sibi
1120 2043 1200 2102 Dido

184 2137 366 2210 procuraret,
389 2138 448 2193 noir
470 2135 549 2217 ,dixu
571 2136 658 2193 mitte
681 2133 756 2192 mihi
779 2143 917 2193 sororem
933 2152 1039 2207 meam,
1060 2133 1111 2193 sed
1134 2133 1201 2206 huc,

140 2245 169 2283 ro
183 2226 296 2299 inquit,
324 2226 408 2298 siste,
437 2223 551 2282 scilicet
577 2227 612 2281 ut
640 2242 706 2283 cum
733 2224 800 2298 ipsa
827 2223 955 2296 veniret,
983 2226 1017 2281 ut
1045 2222 1143 2281 euntis
1171 2225 1206 2279 et¹

184 2312 336 2371 redeuntis
365 2314 500 2371 aniculae
528 2313 644 2372 tardior
670 2314 701 2371 et
728 2311 858 2371 difficilia
881 2330 999 2390 gressus
1021 2311 1208 2387 perficiendo·

184 2402 275 2461 exitio
307 2402 510 2479 largissimum
542 2404 673 2477 spatium
706 2401 799 2461 daret.
846 2400 892 2459 dic
925 2418 1028 2474 cerpus
1054 2404 1254 2474 properasse

183 2492 299 2563 fiuriaii
321 2509 458 2564 sparpcre
481 2493 613 2565 lympha:
636 2492 698 2549 alia
721 2491 917 2566 mora-quia,
940 2490 1010 2548 dum
1033 2491 1089 2549 hoc
1112 2489 1201 2547 Anna

184 2580 372 2655 expediebat,
401 2580 516 2656 aliquid
544 2579 704 2639 accedebat
731 2580 769 2638 ad
792 2583 920 2655 tempus.¹
966 2583 992 2637 et
1008 2579 1136 2653 pecudes
1158 2584 1208 2637 se-'

139 2688 169 2728 ‚25
184 2687 249 2727 crire
282 2673 308 2727 ct
338 2675 512 2728 monstrata*
529 2669 653 2743 piaccia
686 2670 788 2728 ducat:
824 2687 889 2728 ecce
922 2667 1016 2739 aliud·
1038 2667 1117 2743 quod
1150 2668 1202 2726 adss

183 2760 275 2817 ferret
302 2757 489 2832 tarditatem,
517 2758 682 2835 previdere*
700 2758 880 2818 necessarias
905 2757 1032 2833 pecudes
1056 2761 1086 2815 et
1109 2756 1200 2815 addu-

184 2847 257 2914 cere,
283 2864 409 2922 quarum
432 2848 552 2925 segnior
573 2866 691 2925 gressus
715 2851 768 2922 est,
787 2852 818 2906 et
840 2847 957 2905 adferre
981 2845 1201 2921 expiationibus

184 2937 358 2996 necessaria.
405 2937 447 2994 sic
469 2939 579 3004 veniat,
607 2941 695 3014 taque
715 2939 784 3010 ipsa
799 2938 856 3009 pta
879 2935 938 3009 τερα
960 2938 1089 3008 tempora?
1114 2935 1201 2993 vitta:

183 3028 235 3100 pia
268 3028 298 3083 et
329 3024 431 3083 nutrix
464 3044 526 3083 esse
558 3028 661 3100 potest
691 3030 722 3084 et
752 3027 843 3098 vitta,
878 3025 925 3083 ut'
944 3024 985 3082 sit
1016 3024 1067 3099 pia
1099 3023 1201 3081 nutrix

139 3134 170 3174 ac
184 3118 239 3172 aut
266 3116 317 3189 pia
345 3116 436 3172 vitta:
474 3114 614 3189 quicquid
642 3116 750 3172 tamen'
771 3114 865 3173 secuti
897 3114 1055 3185 fuerimus,
1087 3114 1201 3171 rectum

184 3207 237 3262 est.
289 3203 331 3261 sic
367 3205 469 3261 veniat
504 3202 737 3279 intellegendum
774 3206 818 3261 est
854 3203 898 3261 ite
935 3204 1050 3276 veniat,
1087 3201 1212 3259 scilicet

257 3389 641 3458 rqatthomitquaeed.
697 3388 1164 3458 squecaelcncerltconr=n

185 3467 199 3514 ‘1
220 3464 266 3515 cai
284 3462 337 3515 LR
355 3480 424 3533 quac
443 3462 485 3516 ed.
547 3465 562 3513 9
581 3460 780 3515 commendatis
799 3461 851 3514 LR
870 3477 968 3514 corr.r
987 3461 1029 3515 ed.
1087 3466 1119 3513 12
1139 3478 1200 3515 ααα-

183 3533 329 3587 veniebant
342 3536 368 3588 R
385 3550 454 3587 carr.
469 3552 491 3586 r.
548 3538 581 3585 14
600 3532 725 3585 adduces
742 3532 785 3586 ed.
842 3538 875 3584 15
894 3534 1033 3600 inpetrare
1051 3532 1076 3583 R
1096 3537 1162 3585 corr.
1179 3550 1200 3587 r.

239 3610 273 3656 20
292 3607 396 3660 venerit
413 3605 465 3657 LR
483 3604 587 3658 veniret
604 3620 618 3656 r
636 3604 729 3656 veniet
748 3605 790 3656 ed.
847 3608 886 3655 24⁴
894 3603 1050 3671 'reperiebat
1067 3602 1119 3654 LR
1142 3604 1208 3669 eft-'¹

184 3676 272 3730 ciebat
289 3694 304 3727 r
322 3675 522 3745 cxpctcbct'ed.
613 3681 647 3729 25
667 3674 773 3741 adferet
790 3674 846 3729 ΒΚ
863 3690 968 3729 eamr
986 3672 1035 3726 ab.
1122 3676 1163 3719 ‘ab
1182 3672 1223 3720 stt

182 3764 233 3797 om.
251 3746 291 3797 ed.
367 3753 399 3799 31
421 3748 462 3801 ita
473 3748 571 3805 'reniet
590 3748 625 3805 R.
643 3752 648 3822 ὶ
670 3742 780 3806 scilicet
797 3754 831 3805 ut
846 3748 908 3802 aa
925 3747 975 3801 ed.
993 3750 1030 3798 ut
1047 3738 1161 3793 saxeas.
