2734 4159
565 344 747 402 somnos
765 345 804 400 v1
1130 347 1196 412 579

180 514 249 576 silio
268 508 358 592 poeta
376 517 541 592 praeteriit,
559 536 596 576 ne
613 518 703 577 rebus
721 518 844 592 propter
862 532 936 591 quas
955 506 1078 575 uentum
1096 515 1197 574 fuerat

178 623 266 664 mora
287 605 432 681 prolixior
454 603 538 665 fieret
560 604 609 665 vel
631 624 669 666 ne
687 607 893 682 repeterentur
911 623 947 663 ea
965 623 1041 680 quae
1060 605 1195 680 superius

179 695 263 755 diets
294 696 372 752 sunt
428 693 480 754 sed
510 714 565 755 nec
595 695 720 755 Aenean
751 693 823 754 fecit
854 710 977 771 negasse
1009 712 1197 770 responsum3

178 784 343 843 intervenit
374 785 454 842 enim
484 783 656 845 interdictio
684 784 832 860 Sibyllae,
863 800 953 858 quse,
984 800 1052 840 cum
1083 780 1197 842 videret

149 873 262 932 ediem
289 871 365 947 labi,
394 872 512 933 fabulas
539 874 634 933 omnis
662 876 693 933 et
719 890 818 932 moras
846 870 985 943 abscidit,
1015 874 1116 929 tamen
1144 870 1198 930 dat

178 962 229 1020 illi
250 960 448 1046 humanitatis
471 964 566 1037 partis
588 964 693 1036 iustas,
716 983 753 1021 ne
777 962 887 1020 amicos
911 979 929 1018 a
948 960 1106 1035 conloquio
1129 979 1197 1035 pro-

178 1050 283 1109 hibere
301 1053 408 1127 sponte
426 1051 585 1111 videretur.
625 1071 686 1111 non
706 1054 787 1110 enim
804 1050 916 1109 frustra
934 1047 1078 1125 estquod
1096 1048 1198 1125 posuit

179 1141 237 1200 boc
258 1141 320 1199 cicc
341 1155 508 1200 mmmm
533 1143 625 1200 roseis
652 1158 765 1200 aurora
792 1140 945 1212 quadripes
971 1139 1033 1196 ioca
1060 1138 1251 1216 mediwmosso

179 1230 307 1289 arserio
325 1246 415 1288 carso
432 1232 585 1290 euiscerat
600 1248 699 1289 eccm:
718 1230 789 1288 dum
802 1228 942 1302 vicissim,
956 1226 1064 1303 inquit,
1078 1226 1196 1286 fabulas

138 1336 165 1378 ro
180 1320 354 1392 conserimt,
376 1319 438 1376 iam
462 1322 581 1379 exectus
604 1321 704 1378 fuerat
726 1318 841 1378 medius
865 1316 936 1375 dies.
983 1317 1092 1388 elfere
1115 1332 1197 1375 cume

180 1407 283 1466 dotem
305 1408 452 1466 beteret
468 1425 524 1481 per
546 1408 620 1467 tolio
642 1413 769 1482 ternpcs:
800 1408 842 1466 sic
870 1406 997 1464 libenter
1024 1405 1115 1463 verbe
1141 1405 1196 1463 mi·

180 1496 315 1571 scebant,
338 1498 374 1554 ut
396 1496 458 1555 dies
481 1497 544 1557 illis
566 1516 626 1556 non
649 1498 807 1557 sufficeret.
853 1496 904 1554 scd
926 1510 1019 1554 comes
1046 1494 1198 1553 admonent

181 1585 358 1657 neterque
376 1586 482 1660 adfata
498 1585 612 1661 Sibylla
630 1591 686 1646 est:
710 1586 826 1661 Sibylla
849 1603 925 1659 quae
948 1582 987 1641 ad
1004 1583 1061 1641 hoe
1078 1582 1198 1642 Aeneae

180 1674 280 1733 fuerat
302 1674 414 1747 iuncta,
436 1678 471 1734 ut
492 1677 526 1733 in
549 1675 688 1735 omnibus
711 1677 871 1735 instrueret
893 1674 1095 1750 ignorantem,
1119 1690 1198 1731 com·

144 1779 168 1820 u
180 1762 300 1823 monuit
320 1762 452 1823 breviter
474 1763 645 1824 fabulamm
667 1764 792 1842 prolixis
814 1762 994 1822 nmtaubus
1020 1763 1200 1837 occupatum

180 1852 357 1929 intellegens
376 1855 474 1912 totum
493 1854 572 1912 diem
590 1856 622 1913 in
636 1855 674 1914 iis
688 1872 775 1931 posse
794 1851 934 1912 consumi.
967 1868 1023 1909 usa
1041 1853 1086 1909 est
1104 1850 1201 1929 igitur

182 1940 330 2001 brevitate
348 1942 501 2016 sermonis,
520 1961 557 2002 ne
575 1962 683 2017 moras,
703 1962 777 2019 ques
795 1958 946 2001 removere
965 1938 1113 2015 cupiebat,
1131 1941 1198 2015 ipsa

181 2030 344 2106 plurimum
366 2030 514 2107 loquendo
537 2033 673 2092 nutrimt
720 2041 779 2091 noc
801 2034 869 2099 ruet,
892 2028 1002 2096 Aenea,
1025 2046 1079 2087 noe
1101 2029 1202 2099 flendo

181 2120 315 2179 dooimw
343 2121 446 2179 norae·
477 2121 654 2180 necessitate
686 2120 844 2197 conplendi
877 2122 959 2178 ectus
992 2118 1075 2192 cuius
1107 2135 1203 2178 eausa

148 2211 324 2268 ”venerant
339 2253 685 2270 ....................
700 2209 881 2286 Deiphobus.
918 2207 950 2266 id
970 2225 1007 2265 ne
1027 2206 1065 2265 ad
1078 2206 1201 2265 Aeneae

181 2299 289 2357 vitium
307 2298 355 2356 vel
375 2297 508 2374 Sibyllae
526 2301 699 2375 pertineret,
722 2298 923 2358 defensionem
941 2297 1069 2371 sumpsit
1087 2314 1106 2353 a
1123 2299 1197 2354 tem-

181 2403 252 2461 pore
276 2389 365 2462 atque
393 2389 451 2463 ita,
481 2390 516 2447 ut
542 2387 619 2447 hene
641 2408 703 2447 non
725 2388 828 2465 longo,
851 2391 888 2445 ut
911 2386 1024 2444 dictum
1052 2386 1111 2459 est,
1139 2402 1197 2443 ser-

181 2493 267 2558 mone
290 2475 479 2551 produceret:
502 2497 570 2551 nox,
594 2478 647 2553 ait,
669 2480 739 2552 ruit,
763 2476 873 2535 Aenea.
912 2491 977 2533 ecce
1000 2476 1118 2550 tempus
1136 2474 1205 2531 fuit

181 2563 211 2623 in
235 2582 338 2639 causa,
363 2565 442 2640 quod
469 2565 532 2625 labi
559 2584 619 2625 non
642 2566 746 2626 debuit
768 2568 891 2641 propter
918 2563 1014 2622 noctis
1041 2562 1195 2622 incertum.

148 2653 253 2729 cquid
276 2656 356 2712 enim
383 2655 618 2732 intellegendum
647 2659 693 2714 est
719 2657 752 2713 in
776 2673 810 2713 eo
839 2653 918 2731 quod
946 2652 1023 2709 dixit
1050 2670 1108 2710 nox
1135 2652 1204 2710 ruit·

180 2744 238 2802 nisi
271 2741 351 2818 quod
382 2742 523 2819 diximus,
557 2746 628 2819 quie
656 2746 720 2803 sine
742 2747 877 2821 ipsorum
908 2739 1111 2816 inpedimento
1138 2759 1197 2798 nox

180 2831 283 2891 eadem
296 2833 397 2890 venire
412 2851 471 2892 non
485 2831 624 2909 poterat?
647 2852 702 2893 nos
721 2836 822 2892 autem
839 2832 936 2891 fiendo
955 2830 1090 2888 ducimus
1108 2829 1200 2889 horas

179 2918 257 2980 hunc
279 2923 380 2995 potest
403 2920 561 2982 admittere
585 2923 778 2996 intellectum,
803 2923 891 2997 quasi
914 2923 941 2980 si
959 2919 1083 2978 diceret:
1107 2922 1201 2994 atque

179 3012 296 3069 utinam
311 3009 426 3070 actibus
441 3011 602 3070 commodis
623 3015 677 3069 aut
690 3011 817 3071 utilibus
830 3010 1010 3070 teneremur!
1034 3026 1199 3083 numquam

251 3167 267 3214 6
285 3166 389 3216 ree—'l
405 3164 502 3231 posuit
520 3180 572 3216 om.
588 3163 631 3217 ed.
725 3169 758 3217 10
778 3168 943 3218 consuerant
959 3161 986 3215 V
1004 3166 1198 3214 conseruerant

179 3233 221 3288 ed.
239 3234 244 3301 Ι
264 3234 335 3298 soris
352 3232 385 3286 V.
457 3239 489 3287 13
509 3235 547 3288 ad
564 3235 614 3288 too
631 3233 657 3287 V
675 3235 736 3288 ideo
755 3235 798 3288 ed.
869 3239 901 3286 16
920 3234 1013 3287 minus
1030 3230 1056 3284 V
1075 3231 1198 3285 minimis

179 3305 222 3359 ed.
241 3306 274 3358 ia
292 3305 329 3358 iis
346 3321 397 3357 nos
417 3306 453 3373 (m
471 3320 522 3373 per
541 3305 655 3375 dittogr.
675 3305 808 3374 irrepsit).
876 3309 910 3357 10
928 3304 1002 3357 inter
1019 3307 1151 3356 venerant
1168 3304 1198 3356 et

177 3376 340 3444 Deiphobus
362 3374 465 3429 lacuna
483 3376 584 3446 viginti
603 3376 726 3445 amplius
744 3376 903 3431 litterarum
923 3375 951 3428 in
970 3374 996 3428 V
1015 3373 1055 3427 sic
1074 3372 1133 3426 fere
1152 3389 1197 3427 ex·

177 3446 296 3516 plenda:
316 3448 437 3516 lonpicre
450 3464 571 3502 smnwne
581 3448 743 3515 prohibetur
762 3450 880 3517 (Aeneas
897 3463 955 3501 eoa
973 3444 1116 3513 respondet
1129 3444 1196 3498 Dei-

174 3518 264 3586 phobo
284 3517 346 3586 ed).
364 3519 368 3587 Ι
383 3520 450 3586 post
467 3518 627 3587 Deiphobus
645 3519 675 3572 in
693 3519 719 3573 V
738 3519 865 3586 sequitur
883 3519 913 3571 id
931 3534 965 3571 ae
984 3516 1092 3584 (inepta
1110 3514 1197 3569 inter-
1229 3531 1232 3536 ·

177 3606 238 3659 pos.
254 3589 317 3657 ed).
409 3595 441 3642 21
462 3591 504 3643 cel
522 3591 575 3644 cibi
593 3595 620 3643 ee
638 3590 664 3643 V
682 3592 723 3645 cel
741 3591 830 3659 ipsius
848 3589 890 3643 ed.
910 3591 952 3643 cel
969 3588 1091 3659 Sibyllae
1109 3602 1168 3641 nos.

174 3661 312 3729 pertinere
329 3659 356 3713 V
373 3661 511 3715 ciderene·
530 3660 594 3715 add.
610 3661 652 3715 ed.
670 3662 818 3732 pertineret
836 3678 894 3714 nos.
960 3664 994 3713 28
1012 3661 1038 3714 se'
1056 3674 1109 3713 om.
1126 3658 1169 3714 ed.

176 3732 216 3788 od
234 3748 312 3801 qoem
331 3731 357 3784 V
371 3732 413 3785 ed.
434 3739 515 3800 atque
533 3749 583 3786 nos
602 3731 738 3801 (inversus
758 3750 834 3787 error
852 3733 923 3801 609).

929 3822 980 3876 sl*
