2734 4159
560 343 767 400 PRAEFATIO
1046 343 1175 399 XXXVII

155 517 268 575 saeculi
290 514 355 589 XV,
378 515 512 574 continet
534 514 625 574 libros
649 513 757 572 I-VI
780 515 853 573 275.
890 515 998 590 incipit
1021 513 1058 572 ab
1083 511 1175 589 ,llos“

154 607 252 681 spatio
286 604 324 663 56
351 603 572 681 depingendam
598 605 611 661 i
637 602 752 663 relicto.
799 604 923 663 lacunae
950 604 981 681 15
1010 605 1117 678 quarto
1146 605 1176 662 et

154 699 235 753 sexto
264 692 384 752 eaedem
411 695 482 751 5551
510 695 600 768 atque
623 692 655 750 in
677 690 781 751 LRV.
828 693 985 752 certiorem
1008 711 1055 750 me
1077 691 1114 750 de
1137 692 1175 752 iis

154 784 225 843 fecit
247 802 301 859 per
323 782 441 841 litteras
464 783 587 859 rogatus
610 782 658 840 vir
682 780 872 841 doctissimus
897 780 1041 861 Goggiola
1068 781 1175 840 biblio-

155 872 311 931 thecarius.
345 903 387 911 -
420 870 611 929 Parisinus
647 869 848 931 bibliothecae
880 872 1043 930 nationalis
1080 872 1175 945 7957,

155 961 344 1031 chartaceus,
374 960 513 1020 foliorum
538 961 615 1037 209,
645 960 774 1036 55115155
803 955 881 1019 auno
906 961 1009 1033 1461,
1042 959 1176 1019 55511551

154 1049 249 1109 libros
273 1049 375 1122 I-V,
401 1050 509 1124 incipit
537 1068 555 1108 a
582 1047 680 1107 verbis
708 1050 795 1126 „post
821 1048 891 1108 illos
918 1046 987 1124 qui“
1011 1048 1043 1107 in
1070 1066 1175 1107 1551115

156 1139 200 1198 ita
223 1138 341 1215 positis,
363 1142 399 1197 ut
421 1140 517 1213 primo
541 1137 628 1215 „illos
651 1136 721 1213 qui“
746 1139 889 1213 scriptum
912 1137 1005 1196 fuisse
1024 1136 1175 1210 videatur,

156 1246 226 1287 nam
254 1226 342 1304 „qui“
370 1245 448 1285 nunc
476 1245 566 1302 supra
594 1226 706 1285 lineam
734 1226 877 1302 scriptum
906 1229 966 1302 est3
1002 1225 1112 1285 desinit
1143 1228 1176 1285 in

156 1316 340 1393 „sepultores
369 1316 504 1376 invenire
530 1333 591 1375 555
617 1314 736 1391 55555111
766 1317 799 1390 5,
819 1317 892 1375 871.
939 1316 1078 1374 lacunam
1105 1314 1175 1373 libri

155 1407 258 1482 quarti
279 1405 405 1464 eandem
426 1404 517 1464 habet
539 1424 631 1480 quam
648 1404 715 1463 LR.
738 1437 779 1445 —
804 1404 993 1464 Parisinus
1016 1403 1174 1464 bibliothe-

155 1514 206 1555 cae
230 1495 392 1554 nationalis
418 1494 517 1567 7958,
544 1493 799 1567 membranaceus,
823 1494 937 1553 formae
961 1492 1098 1571 5155615,
1125 1493 1175 1552 lit-

156 1584 228 1644 teris
251 1583 422 1642 initialibus
445 1584 535 1659 pictis
559 1581 677 1658 alioque
701 1585 808 1642 ornatu
836 1583 1007 1657 decoratus,
1035 1582 1175 1642 foliorum

159 1674 231 1748 161,
255 1672 365 1732 saeculi
385 1671 449 1745 XV,
473 1672 606 1731 continet
628 1671 720 1731 libros
738 1671 886 1730 VI-XII
909 1692 927 1731 a
952 1672 1059 1746 6,158
1085 1673 1176 1747 „quia

156 1781 243 1838 quem
270 1758 467 1837 perdidisset“
494 1779 587 1837 usque
615 1759 653 1819 ad
684 1763 734 1835 12,
756 1761 818 1820 952
849 1760 1092 1835 „matrimonium
1126 1760 1174 1819 de-

156 1849 307 1910 bebatur“.
344 1850 466 1909 lacunas
485 1849 569 1922 sexti,
588 1850 717 1926 septimi,
738 1851 838 1909 octavi
856 1849 928 1909 libri
946 1850 1066 1909 easdem
1086 1849 1176 1908 habet

155 1959 229 2017 quas
257 1940 295 2014 V,
327 1942 482 2016 praeterea
513 1940 621 1997 desunt
652 1941 915 2014 interpretationes
948 1941 1017 2014 5551
1052 1940 1085 2011 9,
1111 1940 1172 1996 771

156 2029 267 2103 „iacuit
298 2026 406 2104 caput“
436 2046 530 2104 usque
563 2028 600 2086 ad
633 2030 682 2102 10,
710 2030 770 2086 121
807 2029 906 2102 „ribus
939 2026 1176 2087 defendebantur

155 2137 258 2178 earum
286 2115 472 2191 altitudine“,
505 2136 579 2193 quas
607 2119 638 2174 in
667 2117 767 2176 codice
795 2118 860 2193 ipso
889 2118 1012 2193 periisse
1042 2118 1175 2192 apparet,

156 2206 220 2266 hiat
243 2207 323 2265 euim
345 2208 425 2265 inter
449 2206 500 2267 fol.
522 2207 595 2265 92B
618 2206 667 2264 fin.
688 2208 718 2265 et
743 2207 817 2265 93A
836 2207 875 2263 15.
901 2206 1068 2265 duodecimi
1095 2205 1175 2264 lacu-

155 2314 210 2355 nae
234 2297 402 2372 comparari
428 2297 593 2370 nequeunt,
621 2294 692 2371 quia
721 2298 853 2354 extrema
881 2294 990 2355 codicis
1017 2313 1087 2370 pars
1115 2313 1175 2352 uon

155 2386 244 2461 plena
276 2387 330 2444 est.
375 2404 446 2443 nam
478 2387 547 2460 post
579 2388 629 2461 12,
654 2385 716 2442 471
752 2384 811 2458 „sic
844 2384 923 2442 enim
955 2384 1008 2443 illa
1041 2381 1175 2442 dixerat“

156 2474 286 2550 primum
308 2491 378 2549 pars
402 2493 437 2531 ex
462 2475 513 2550 12,
534 2475 719 2547 195-471,
743 2492 834 2548 quam
862 2472 1003 2531 librarius
1031 2473 1091 2532 iam
1121 2491 1174 2532 suo

156 2561 220 2623 loco
253 2563 426 2639 scripserat,
458 2562 593 2638 sequitur
619 2562 748 2638 repetita
775 2560 877 2621 multis
906 2562 1037 2639 omissis,
1070 2561 1175 2620 deinde

154 2651 365 2727 interpretatio
389 2671 407 2710 a
432 2653 482 2726 12,
502 2653 564 2710 471
590 2668 684 2725 usque
708 2649 746 2708 56
770 2651 834 2709 493
859 2650 965 2723 „hasta
987 2648 1086 2725 tulit“,
1109 2654 1175 2710 tum

159 2744 208 2816 12,
229 2743 293 2800 932
327 2741 483 2814 „miserere
516 2730 586 2821 (sic)
620 2740 646 2797 si
679 2759 738 2815 qua
770 2738 1175 2828 55155115-65115115151ιι

159 2830 235 2904 952,
262 2832 413 2905 postremo
442 2829 557 2890 565515
584 2832 629 2889 551
656 2828 805 2905 particula
830 2831 880 2903 12,
896 2830 1072 2888 423-434
1097 2848 1174 2903 „non

155 2938 248 2977 mauu
270 2921 400 2977 tenentis
414 2950 458 2958 —
472 2919 560 2978 dictis
585 2937 702 2994 quoque
727 2916 920 2993 composuit“.
960 2917 1081 2977 videtur
1103 2937 1174 2996 ergo

118 3029 120 3033 ¹
156 3006 205 3067 1115
223 3008 300 3067 liber
317 3007 459 3066 Urbinati
477 3010 507 3066 51
525 3008 736 3067 Malatestiano
760 3006 859 3066 affinis
883 3026 954 3084 esse,
974 3008 1025 3067 sed
1049 3007 1174 3066 adiectis

155 3102 223 3171 post
249 3098 299 3170 12,
319 3098 381 3155 471
406 3096 601 3172 undecunque
629 3115 724 3171 neque
752 3096 815 3156 ullo
844 3097 967 3156 consilio
995 3097 1173 3171 interpreta-

156 3188 273 3246 tionum
300 3185 426 3245 15515115.
472 3186 677 3245 Ρ51151551515
700 3184 844 3243 librorum
868 3186 1008 3244 notitiam
1036 3185 1178 3262 diligenti

156 3293 244 3333 curae
278 3274 369 3333 debeo
401 3275 459 3333 viri
489 3274 654 3344 doctissimi
681 3273 769 3331 Pauli
796 3272 890 3349 Lejay
917 3274 1101 3350 professoris.
1131 3306 1172 3314 -

156 3362 278 3423 Praeter
301 3364 355 3423 hos
379 3382 452 3438 quos
475 3364 606 3421 tractavi
629 3362 743 3422 codices
766 3362 841 3420 mihi
865 3362 984 3438 quidem
1008 3382 1043 3420 ex
1066 3362 1172 3421 biblio-

157 3453 309 3513 thecarum
339 3453 483 3531 catalogis
507 3451 607 3510 nullus
630 3451 771 3510 innotuit.
809 3451 844 3509 65
864 3451 946 3510 Ρ5111
967 3450 1076 3509 Criniti
1096 3450 1173 3510 libro

156 3560 246 3601 manu
271 3543 382 3617 scripto
405 3560 497 3617 55515
520 3543 701 3599 mentionem
724 3540 789 3599 feci.

222 3631 287 3689 Iam
307 3631 343 3689 de
362 3630 542 3690 editionibus
562 3629 712 3709 agendum
730 3633 785 3690 est.
815 3630 972 3707 epitomen
988 3627 1192 3688 5515155515

157 3736 191 3775 ac
205 3719 264 3776 LR
272 3720 300 3775 V
312 3719 429 3780 lacunis
440 3718 598 3783 15561555
620 3719 721 3784 edidit
737 3721 923 3784 Florentiae
935 3720 1028 3780 teet
1052 3712 1218 3775 5551515115
