2734 4159
579 332 763 387 AENEIDOS
782 332 808 387 V
1142 331 1210 396 455

189 503 342 574 medioque
369 503 402 560 te
429 502 505 560 colle
532 503 637 560 theatri
664 504 759 561 circus
787 506 863 559 erat:
890 519 950 559 non
973 502 1037 560 illic
1059 501 1211 561 theatrum

190 590 397 649 aedificatione
421 593 608 665 conpositum
632 592 694 648 fuit
717 593 770 648 aut
793 590 897 663 cireuS,
921 588 973 649 sed
995 594 1104 648 natura
1122 591 1211 649 iilum

191 680 289 739 locum
312 682 344 737 in
367 699 480 738 morem
493 681 616 739 'theatri
638 682 850 754 conposuerat,
873 679 1025 738 theatrum
1049 682 1127 737 enim
1151 679 1211 738 dici

190 771 290 843 potest
313 768 390 826 unde
414 771 544 843 spectari
567 769 640 843 quid
667 770 772 843 possit.
817 770 934 827 montes
965 770 1060 846 igitur
1083 767 1210 827 circum-

162 858 334 917 sdederant
356 858 514 933 planitiem
537 860 636 933 campi
659 860 750 933 atque
773 859 818 916 ita
839 858 952 916 theatri
975 859 1138 933 imaginem
1159 856 1211 915 da-

190 947 272 1019 bant,
294 948 385 1022 plana
410 949 511 1005 autem
534 948 606 1006 circi
623 947 721 1005 vicem
743 950 885 1022 poterant
908 946 1054 1005 exhibere.
1101 947 1210 1024 grami-

190 1056 279 1094 neum
297 1038 329 1092 in
353 1054 491 1111 eampum
515 1036 606 1094 etiam
629 1035 671 1094 sic
694 1053 850 1111 possumus
870 1036 993 1094 sentire:
1018 1039 1121 1110 aptum
1145 1053 1211 1093 cur·

190 1125 272 1183 sibus
296 1127 326 1182 et
350 1127 478 1184 cursoris
503 1128 683 1200 oportunum
707 1142 741 1183 ac
766 1144 820 1200 per
846 1125 903 1183 hoc
930 1144 991 1183 non
1019 1124 1211 1199 calculosum,

191 1214 242 1272 sed
264 1213 393 1287 mollem,
416 1216 449 1271 in
472 1233 530 1289 quo
554 1214 642 1272 nudis
665 1214 779 1289 plantis
803 1216 882 1272 curri
905 1215 1052 1288 potuisset
1075 1213 1211 1273 omnibus

148 1324 176 1362 ιο
192 1302 335 1361 submotis
358 1302 578 1378 inpedimentis.
625 1304 724 1377 campi
746 1302 841 1380 igitur
868 1303 1009 1379 planities
1034 1303 1105 1377 fuit,
1135 1320 1211 1377 quae

191 1392 322 1466 spatium
352 1395 512 1468 conpetens
543 1391 701 1451 certaturis
731 1390 823 1449 daret.
877 1391 1055 1468 cingebatur
1084 1392 1138 1449 iila
1166 1392 1210 1449 in-

190 1481 273 1538 flexis
297 1482 456 1555 montibus,
479 1485 513 1539 ut
533 1500 609 1555 quae
632 1482 664 1538 in
687 1480 779 1556 plano
805 1480 1014 1539 exhiberentur
1033 1499 1068 1537 ex
1087 1482 1211 1539 summis

190 1570 326 1645 partibus
350 1570 445 1629 videri
468 1572 645 1645 potuissent
683 1587 739 1643 quo
753 1587 784 1628 se
796 1571 897 1629 multis
911 1588 977 1629 curu
991 1571 1110 1629 milibus
1127 1571 1212 1628 hocs

190 1677 325 1717 consessu
339 1661 465 1717 medium
484 1660 550 1717 tulit
568 1662 749 1731 extructoque
766 1660 887 1717 resedit:
910 1659 949 1716 ad
967 1659 1046 1717 hune
1065 1676 1204 1734 campum
1212 1663 1266 1713 290

148 1767 176 1808 rs
191 1748 334 1806 deductus
355 1748 470 1806 Aeneas
495 1747 653 1808 comitibus
677 1748 780 1806 multis
804 1750 835 1806 et
857 1748 960 1807 multis
983 1748 1137 1806 hominum
1156 1748 1211 1805 mi-

190 1838 268 1894 libus
288 1839 371 1895 venit
390 1839 420 1895 et
437 1837 489 1894 ubi
508 1839 676 1896 extructum
694 1836 801 1895 habuit
819 1855 931 1897 sessum
950 1836 982 1895 in
1001 1837 1128 1897 sublime
1147 1856 1211 1896 sese

192 1927 332 1984 attollens
356 1926 474 1984 resedit.
520 1945 580 1984 non
604 1925 680 1984 dixit
699 1926 785 2000 sedit,
809 1926 859 1997 sed
877 1925 997 2000 resedit,
1021 1926 1100 2001 quod
1120 1926 1211 2003 signi-

190 2015 259 2072 ficat
278 2016 388 2073 iterum
407 2014 492 2073 sedit.
535 2015 586 2073 sed
605 2034 673 2073 eum
693 2018 782 2073 antea
800 2015 899 2074 inille
914 2015 980 2073 loco
999 2034 1059 2073 non
1078 2014 1210 2091 sedisset,

191 2104 338 2178 quomodo
362 2106 472 2162 iterum
495 2102 594 2162 sedit?
618 2123 678 2162 non
701 2103 745 2162 ita
764 2107 818 2172 est,
841 2104 892 2162 sed
911 2106 983 2179 quia
1002 2104 1106 2164 sedens
1125 2123 1210 2179 prae-

148 2194 250 2252 aufuit
274 2194 377 2251 navali
400 2194 569 2267 certamini,
598 2194 716 2251 mutato
739 2193 804 2252 loco
832 2196 912 2251 recte
936 2193 1032 2252 dietus
1061 2198 1106 2252 est
1133 2212 1210 2252 rese·

190 2282 267 2340 disse
291 2284 347 2340 hoc
371 2285 416 2340 est
438 2285 548 2340 iterum
572 2281 690 2341 sedisse.
735 2282 790 2350 bic,
813 2284 864 2354 qui
885 2283 960 2355 sorte
987 2283 1078 2340 veliet
1105 2283 1212 2355 rapido

190 2373 358 2429 contendere
381 2388 482 2439 cursu,
505 2373 612 2430 incitet
632 2372 738 2443 pretiis
762 2374 875 2430 caicus
903 2374 930 2430 et
950 2374 1090 2444 praemio
1112 2373 1212 2444 pouit:

189 2460 384 2535 promissione
405 2462 515 2535 quippe
538 2464 569 2519 et
591 2460 796 2535 propositione
819 2461 1021 2535 praemiorum
1044 2460 1212 2537 augebatur

191 2552 303 2606 certare
325 2549 494 2607 volentibus
525 2549 657 2608 studium
686 2552 716 2607 et
739 2548 927 2608 exoriebatur
950 2549 1099 2624 cupiditas
1123 2548 1208 2607 dubi-

148 2659 175 2697 as
190 2638 325 2696 tentibus
338 2637 387 2696 vel
405 2639 518 2697 invitis.
556 2656 623 2697 ecce
642 2641 789 2713 quantum
807 2638 922 2713 profuit
939 2637 1105 2713 propositio
1124 2657 1210 2713 prae·

189 2729 330 2785 mierum:
349 2728 486 2799 undique,
505 2727 613 2801 inquit,
631 2730 805 2786 coeoeeiuet
819 2728 925 2787 Teucri
947 2730 1085 2799 mistique
1098 2726 1210 2795 Sicani,

188 2817 284 2875 Nisus
312 2821 336 2874 et
360 2817 514 2889 Euryalus
536 2819 646 2890 primi:
674 2816 802 2874 *fortem
829 2819 859 2874 et
887 2817 1070 2876 formosum*
1101 2817 1212 2875 dicitur

190 2906 349 2963 diversitas
363 2905 477 2981 populi,
501 2906 699 2963 Troianorum
719 2905 833 2964 scilicet
857 2908 887 2963 et
902 2904 1084 2979 Siculorum,
1107 2924 1211 2965 verum

191 2996 270 3051 enim
294 2997 443 3053 certamen
468 2994 592 3052 existere
616 3014 676 3053 non
695 2997 796 3069 posset
819 2996 899 3052 inter
922 2996 1044 3069 eosqui
1061 3015 1121 3054 uno
1143 3013 1211 3054 san-

146 3106 174 3144 so
191 3084 290 3161 guinis
319 3084 467 3142 consortio
500 3084 547 3141 rel
581 3083 684 3141 eadem
718 3083 860 3141 societate
892 3083 1079 3142 tenebantur.
1132 3082 1212 3157 quod

202 3176 304 3230 autem
328 3192 345 3230 a
366 3173 499 3250 generali
521 3173 692 3231 coeuntium
709 3171 902 3231 multitudine
919 3173 1042 3231 transiit
1063 3173 1213 3231 maturius

261 3367 276 3411 2
296 3361 452 3425 aedificatio
471 3360 492 3412 L
512 3377 574 3412 -one
593 3360 625 3414 a.
710 3364 725 3412 3
745 3361 922 3413 theotrem—
934 3364 951 3411 4
965 3361 1054 3427 possit
1073 3376 1125 3413 om.
1146 3376 1211 3413 cero

188 3431 338 3484 substituit
358 3432 400 3484 ed.
478 3432 601 3500 digitur
620 3429 672 3482 LR
691 3448 753 3501 erpo
772 3429 798 3483 U
818 3430 860 3483 ed.
939 3432 1140 3484 Seelculosum
1158 3430 1211 3483 LR

187 3504 291 3555 (lterum
315 3503 357 3555 ed.
456 3508 489 3554 14
512 3519 645 3556 consensu
667 3501 697 3554 L.
796 3506 828 3553 16
852 3502 949 3556 hebuit
973 3519 1026 3556 om.
1046 3501 1072 3554 R
1096 3502 1160 3554 add.
1180 3501 1209 3554 in

187 3590 276 3641 marg.
296 3572 327 3626 τ’.
344 3576 348 3640 t
364 3591 472 3628 sensum
491 3573 520 3627 L.
600 3580 632 3626 21
652 3574 855 3627 hoe—sedisse
874 3590 926 3627 om.
943 3574 986 3628 ed.
1060 3578 1093 3626 27
1113 3574 1211 3640 fortem

188 3652 213 3697 et
232 3646 381 3709 tortuosum
396 3645 448 3697 LR
467 3645 528 3698 loco
544 3644 645 3711 alieno,
660 3644 781 3697 fortasse
800 3646 864 3714 post
882 3646 1075 3701 demonstrare
1088 3646 1228 3709 aaut&

187 3717 438 3783 transponendum,
459 3732 511 3770 om.
528 3715 570 3770 ed.
646 3721 680 3770 29
703 3718 778 3772 euim
797 3734 857 3773 om.
872 3717 921 3772 ed.
