2734 4159
204 303 246 366 14
480 299 620 355 DONATI
637 299 808 355 INTERPRL
827 298 938 361 VEB&
959 304 966 320 ⁸

202 471 347 531 Troianos
374 471 509 529 animum
535 469 657 529 Iunonis
680 488 800 547 urgere:
832 469 984 529 iaciebant
1011 470 1089 529 aliae
1116 487 1217 528 eumu-

201 561 264 618 lum
287 558 443 618 etodium
465 577 501 617 ex
523 559 621 635 priore
644 576 737 618 causa
759 562 929 635 susceptum
951 558 1048 638 magis
1067 577 1103 618 ac
1119 560 1219 637 magis

174 654 177 660 '
202 647 359 727 augebant.
414 648 471 707 boc
503 647 635 708 ostendit
665 649 756 724 poeta
788 647 912 708 1100010
945 649 978 708 id
1008 652 1152 707 minere:
1184 650 1219 707 01

201 737 335 797 firmaret
357 736 439 813 qued
456 736 594 811 diximus,
613 736 704 796 fuisse
724 755 815 795 unam
834 739 865 797 et
881 736 1078 814 pn'ncipalem
1097 755 1221 797 causam

202 845 292 901 quam
321 828 419 902 primo
447 827 512 885 loce
540 826 650 902 posuit
705 824 813 902 incipit
838 827 901 886 iam
928 827 1004 887 alias
1032 825 1142 885 dicere:
1176 828 1221 886 011
1248 848 1257 889 s

202 915 280 974 enim
313 917 470 989 0010110000
504 932 613 973 mmor
643 914 787 974 Saturnia
824 916 904 984 belli,
936 917 1039 990 primu
1071 916 1148 989 0001
1180 916 1222 975 ad

147 1012 184 1059 20
205 1005 326 1064 Troiam
347 1022 406 1079 pro
433 1006 513 1064 ceris
537 1007 667 1079 pasceret
692 1001 793 1078 Arpis,
820 1002 962 1079 [necdum
994 1007 1080 1065 etiam
1113 1022 1222 1064 000000

202 1096 319 1152 irarum
332 1096 467 1167 00001000
485 1094 598 1152 doleres
618 1094 785 1153 exciderant
802 1095 916 1152 animo:
932 1098 1031 1153 menet
1048 1094 1110 1153 0110
1127 1098 1222 1153 mente

99 1200 108 1232 ··
202 1186 349 1257 repostum
379 1183 521 1241 iudicium
552 1182 673 1241 Paridis
704 1185 874 1256 spretaeque
904 1184 1018 1242 iniuria
1048 1184 1162 1256 formae
1193 1188 1222 1242 et

200 1290 292 1346 90000
314 1274 443 1330 invisum
468 1275 495 1330 et
514 1267 596 1343 rapti
615 1270 796 1345 Ganymedis
817 1269 970 1347 beneresJ:
992 1274 1028 1331 ut
1050 1271 1220 1332 ostenderet
1234 1294 1257 1335 0

201 1360 345 1419 lunonem
362 1361 529 1437 perniciose
548 1359 647 1419 studio
664 1359 802 1419 laborare
820 1380 857 1419 ne
876 1360 1012 1420 Troianis
1032 1361 1220 1439 contingeret

201 1452 313 1525 inpune
345 1451 474 1509 evasisse
504 1451 574 1524 pest
605 1448 753 1509 excidium
790 1449 897 1509 Troiae
938 1449 987 1509 vel
1022 1449 1136 1511 viribus
1172 1468 1219 1510 00·

200 1540 315 1615 paratis
344 1538 485 1598 adversus
507 1536 635 1597 Graecos
659 1539 784 1614 armari,
812 1557 887 1616 0000
910 1538 1025 1599 11110001
1046 1538 1126 1598 belle
1149 1557 1218 1598 000-

201 1628 331 1701 1000001,
368 1628 415 1686 001
447 1626 515 1687 finis
547 1625 680 1685 obtinere
712 1627 834 1704 Italiae,
870 1630 994 1704 prepter
1026 1626 1218 1706 Carthaginis

201 1715 355 1790 meritum,
387 1714 503 1774 eddidit
529 1715 654 1776 subinde
682 1717 784 1775 aliam<
803 1735 924 1776 causam
955 1718 1032 1776 mire
1065 1718 1139 1776 artis
1171 1718 1257 1781 in-1s

201 1805 303 1883 genio,
330 1807 365 1863 ut
392 1823 427 1864 ex
454 1823 513 1863 000
536 1804 653 1863 Paridis
681 1805 762 1865 facto
791 1824 850 1864 non
873 1825 979 1881 unum,
1006 1805 1058 1866 sed
1081 1808 1111 1865 et
1134 1806 1218 1865 aliud

200 1896 312 1953 crimen
333 1892 486 1953 videretur
508 1896 658 1968 excitum,
682 1913 759 1969 quae
782 1894 904 1969 quidem
926 1898 1069 1954 vexarent
1091 1894 1217 1956 1000010

200 1985 347 2058 animum,
369 2002 430 2043 000
453 1986 554 2041 tamen
577 2002 653 2057 quae
677 1983 807 2042 adscribi
829 1983 948 2043 Aeneae
971 1985 1079 2043 meritc
1101 1986 1216 2060 petuis·

200 2075 273 2132 sent.
320 2074 362 2131 010
385 2073 464 2130 enim
486 2072 598 2148 plurali
620 2090 691 2131 usus
714 2091 836 2131 numero
860 2091 951 2131 unam
974 2091 1095 2133 causam
1118 2073 1216 2150 dupli·

199 2181 263 2220 cem
291 2162 376 2237 fecit3
408 2180 479 2221 nam
507 2179 574 2220 cum
596 2160 672 2219 1000
700 2162 733 2219 10
755 2161 867 2221 iudicio
889 2160 1008 2221 Paridis
1032 2161 1144 2223 offensa
1166 2164 1216 2239 sit
1230 2184 1257 2225 00

201 2249 280 2325 0001
307 2252 339 2309 10
366 2250 447 2309 malo
475 2268 565 2310 aureo
592 2249 738 2308 mineram
766 2250 912 2327 praetulit
937 2251 1038 2326 deum,
1065 2253 1218 2328 quaesivit

199 2340 354 2417 ingenium
377 2339 503 2399 dicentis
526 2340 627 2414 aliam,
645 2357 713 2397 cum
736 2338 811 2397 dicit
832 2338 977 2398 iudicium
995 2339 1119 2400 Paridis
1135 2358 1217 2417 spra-

198 2431 308 2504 taeque
331 2430 442 2488 iniuria
464 2429 587 2504 formae,
610 2432 644 2487 ut
666 2429 804 2504 iniquum
826 2447 886 2488 000
905 2428 1055 2489 suffecerit
1071 2430 1217 2489 iudicium

200 2516 331 2591 Paridis,
363 2520 416 2592 qui
446 2518 572 2594 potiori,
608 2518 664 2577 hoc
697 2520 743 2577 001
773 2518 894 2596 reginae
926 2518 1050 2577 deorum
1082 2521 1216 2578 omnium

198 2606 345 2682 praetulit
366 2606 547 2681 inferiorem,
571 2609 728 2668 accesserit
750 2610 781 2666 et
803 2608 917 2666 formae
939 2608 1059 2666 iniuria.
1101 2608 1216 2667 malum
1230 2629 1257 2671 00

200 2696 311 2771 quippe
335 2713 458 2753 aureum
481 2695 591 2755 dieitur
611 2697 790 2773 inscriptum
813 2697 905 2756 fuisse
928 2696 1002 2771 „hoc
1024 2716 1131 2757 munus
1155 2698 1215 2757 for-

199 2786 310 2842 mosior
336 2783 471 2843 habeto“.
517 2804 583 2844 cum
611 2805 682 2865 ergo
711 2786 816 2845 datum
839 2786 945 2846 1110001
966 2784 1089 2861 Veneri,
1117 2786 1216 2863 dupli·

200 2874 274 2930 citer
297 2871 409 2931 offensa
433 2875 478 2931 est
500 2874 588 2948 luno,
615 2877 664 2949 ut,
693 2894 761 2934 cum
784 2877 861 2935 00001
883 2893 967 2935 00000
989 2874 1069 2935 10010
1093 2878 1124 2934 01
1146 2894 1216 2936 cen·

271 3048 285 3094 7
304 3043 391 3112 Arpis
408 3042 549 3096 lemmatis
567 3042 631 3097 finis
650 3044 680 3097 in
695 3044 760 3101 Lu:
780 3044 830 3098 001
844 3046 978 3113 quonium
993 3060 1112 3114 sequens
1127 3044 1215 3100 iuter·
1251 3105 1255 3112 ,

198 3112 321 3183 pretatio
359 3112 462 3166 rimum
480 3130 505 3167 v.
520 3119 553 3167 17
573 3117 688 3182 tractat,
705 3114 808 3170 deinde
823 3118 941 3183 201001
956 3120 999 3183 21,
1013 3119 1155 3185 postremo
1170 3122 1215 3186 18,

199 3186 319 3267 apparet
367 3185 482 3238 enatum
507 3186 598 3240 totum
622 3186 797 3257 adscriptum
824 3185 946 3241 00101000
969 3189 999 3241 01
1021 3186 1161 3255 membra,
1181 3190 1216 3243 ut

199 3255 364 3339 disputandi
388 3254 456 3310 ordo
479 3254 598 3324 ferebat,
622 3256 816 3341 particulatim
837 3259 950 3327 arrepta
968 3274 1045 3312 more
1065 3275 1115 3313 000
1133 3275 1214 3329 repe·

198 3327 308 3383 timaee:
327 3326 510 3395 quamobrem
529 3330 562 3382 ut
580 3327 644 3382 alins
663 3327 804 3383 similibus
822 3328 892 3383 locis
910 3327 1015 3383 lemma
1038 3329 1175 3401 supplevi.

199 3405 232 3452 11
250 3400 306 3465 fiae
323 3398 376 3452 LR
392 3399 462 3466 fines
478 3416 493 3451 0
511 3399 554 3453 01.
633 3405 666 3453 lt
687 3407 712 3455 et
730 3416 783 3454 om.
804 3398 847 3454 ed.
929 3405 962 3454 18
980 3403 1075 3456 merite
1094 3419 1147 3457 om.
1167 3401 1211 3458 ed.

252 3474 286 3523 20
304 3470 375 3537 fecit
393 3469 435 3524 ed.
457 3472 462 3539 1
481 3487 547 3525 num
566 3470 619 3524 th
636 3489 724 3526 msam
743 3470 808 3526 edl'.
882 3475 914 3524 21
935 3474 1042 3539 quamsi
1060 3472 1112 3526 th
1201 3504 1212 3515 ·

183 3543 263 3661 haieit
279 3559 294 3594 r
311 3543 392 3611 00000·
409 3541 507 3598 cited.
534 3613 540 3626 ·
577 3613 583 3625 ⁸
603 3549 637 3597 12
656 3542 835 3598 iudiciam-
847 3547 881 3595 aa
899 3542 1005 3625 1000000
1023 3542 1076 3596 lali
1094 3543 1130 3597 ed
1160 3560 1213 3613 pre

165 3627 375 3740 00
734 3619 792 3742 e
811 3614 944 3682 00
962 3613 1015 3667 a
1121 3633 1136 3742 τ
1152 3616 1212 3684 n·
