2734 4159
586 332 814 390 Asnamosu
851 359 855 369 ·
1146 333 1208 399 181

194 507 318 562 uertere.
364 505 396 561 in
423 504 490 579 ipsa
517 504 597 562 euim
624 506 766 579 portast
788 503 959 579 frequenter
981 503 1128 579 substitit,
1155 503 1212 562 hoe

195 595 241 652 est
266 592 370 667 lapsus
398 594 460 652 eius
488 592 616 669 inpediti
643 595 728 667 sunt,
755 592 786 652 et
813 594 951 667 quotiens
976 593 1007 653 id
1029 594 1143 652 lentim
1166 595 1212 652 est

194 683 306 749 totiens
329 700 365 739 ex
387 683 451 741 eius
473 684 559 741 utero
582 700 735 741 armorum
757 682 872 741 sonitus
889 681 954 742 dati
973 685 1050 741 sunt
1085 700 1212 759 eumque

194 770 268 830 haee
291 769 397 831 fierent
418 774 450 829 et
470 788 518 829 res
540 770 702 834 manifmta
723 789 778 831 neo
798 772 898 829 mente
916 765 1140 849 intellegeretur
1157 788 1212 829 nee

166 859 347 919 svidsretur
370 859 473 934 oeulis,
494 859 564 919 inde
586 861 684 936 magis
703 859 846 938 gliscente
865 860 997 919 amentia
1014 859 1094 919 unde
1112 860 1213 935 potuit

194 948 372 1008 insidiarum
395 948 483 1026 prodi
506 952 714 1024 commentum,
736 950 849 1012 fautum
873 952 919 1009 est
940 951 976 1008 ut
997 950 1030 1008 in
1052 948 1120 1009 sede
1142 948 1212 1007 reli·

196 1037 280 1116 glosa
303 1038 431 1098 erudelis
455 1037 585 1097 fabricae
608 1037 741 1097 latebrae
764 1037 967 1098 conderentur.
1008 1037 1088 1114 quod
1111 1038 1212 1096 autem

196 1128 241 1185 ait
263 1145 281 1186 o
303 1128 418 1203 patria,
447 1146 465 1186 o
487 1127 591 1186 divum
613 1127 718 1186 domus
741 1125 839 1202 Ilium,
857 1127 913 1186 boo
934 1126 1088 1191 adstruere
1106 1125 1212 1200 voluit,

195 1215 282 1275 illam
301 1216 453 1275 civitatem
472 1234 532 1275 non
550 1218 612 1274 iam
629 1216 762 1292 plurima
779 1216 893 1292 templa
910 1215 1075 1275 multorum
1089 1214 1212 1278 deorum

155 1324 182 1364 10
196 1304 344 1378 habuisse,
367 1305 419 1365 sed
441 1306 613 1365 universam
634 1305 781 1380 templum
804 1306 896 1365 fuisse
919 1307 1102 1364 cunctorum.
1145 1307 1213 1362 truie

197 1395 284 1452 dium
314 1395 387 1467 tutis
418 1396 513 1468 aperit
540 1393 714 1454 Cassandro
744 1396 856 1469 futuris
885 1412 940 1453 oro
969 1395 1016 1453 dei
1041 1396 1126 1453 iussu
1152 1409 1213 1451 uon

195 1500 337 1556 umquem
354 1484 464 1543 eredita
479 1481 613 1542 Teneris:
631 1483 765 1558 10001111,
781 1485 890 1560 inquit,
908 1485 947 1542 iis
966 1482 1101 1544 omnibus
1120 1482 1213 1540 etiam

196 1571 384 1631 denuntiatio
413 1570 610 1645 Cassandrae,
637 1591 715 1648 quae
743 1576 868 1649 aouepta
893 1592 953 1632 non
981 1575 1040 1646 est,
1068 1571 1140 1647 quie
1166 1589 1211 1629 re-

196 1680 306 1737 sponsa
334 1663 397 1720 eius
425 1662 545 1721 1111111
566 1661 717 1737 Apollinis
740 1664 870 1722 iussione
894 1662 1043 1720 damnata.
1088 1678 1142 1720 uos
1165 1660 1212 1719 de·

154 1771 181 1809 11
196 1751 283 1808 lubra
313 1752 399 1810 iterun
427 1752 539 1819 miseri,
570 1752 674 1825 quibus
704 1750 825 1811 ultimus
854 1756 925 1810 esset
953 1752 1003 1810 uie
1029 1751 1106 1817 dies,
1136 1750 1212 1822 festu

195 1839 328 1897 veterinis
349 1841 453 1913 fronde
470 1858 527 1913 per
553 1841 668 1899 urbem:
704 1843 805 1913 tanta,
831 1840 943 1916 inquit,
970 1858 1024 1898 nos
1052 1858 1105 1916 per
1131 1838 1211 1897 idem

194 1930 314 2005 tempus
343 1928 494 1987 dementia
520 1932 683 2005 presserat,
710 1931 745 1988 ut
771 1930 935 1988 inminente
961 1931 1063 1989 nostro
1087 1930 1117 1986 et
1140 1928 1211 1986 oiri·

196 2019 269 2085 tatis
292 2019 383 2076 exitio
406 2017 494 2077 laetis
513 2017 669 2079 frondibus
688 2019 803 2095 templa
821 2019 922 2077 omnia
939 2021 1114 2096 tegeremus.
1152 2034 1213 2074 non

196 2105 273 2166 dixit
309 2108 516 2166 coronavimus
551 2107 679 2183 templa,
716 2107 767 2166 sed
798 2109 940 2181 teximus,
976 2110 1011 2165 ut
1045 2104 1213 2165 ostenderet

154 2215 181 2254 10
196 2196 270 2254 satis
298 2195 446 2265 officiosos
477 2196 569 2256 fuisse
601 2197 686 2256 iuxta
714 2196 784 2255 deos
813 2196 865 2271 qui
892 2197 925 2254 in
951 2195 1005 2254 illa
1034 2194 1117 2264 clade
1145 2212 1213 2252 oum

197 2286 271 2359 ipsis
295 2288 392 2345 essent
415 2284 580 2344 cultoribus
603 2286 739 2361 perituri.

219 2395 221 2398 ·
273 2375 399 2433 Vertitur
424 2377 535 2434 interea
562 2374 674 2434 coetum
702 2378 728 2433 et
754 2375 816 2432 ruit
839 2372 951 2451 Oceano
973 2390 1032 2431 non
1054 2372 1203 2432 involvens
1214 2376 1266 2425 250

195 2463 301 2520 ennbru
323 2482 433 2536 rnupno
456 2467 619 2537 terramque
636 2464 796 2537 poturnque
818 2463 1095 2539 Myrmidonumque
1117 2460 1213 2520 110101·

195 2553 325 2610 vertitur
356 2552 471 2611 eaelum
503 2555 534 2611 et
564 2554 627 2611 ruit
658 2571 724 2610 nox.
769 2552 826 2611 boo
853 2547 920 2618 vult
947 2550 1100 2625 adludere,
1133 2549 1213 2627 quod

152 2643 316 2700 reversata
348 2642 451 2717 eliqua
482 2661 514 2700 re
547 2641 637 2703 cadat
668 2660 703 2699 ex
735 2661 771 2699 ea
803 2641 883 2718 quod
914 2642 1093 2715 intrinsecus
1121 2640 1213 2700 tenet.

195 2733 315 2788 versato
343 2750 415 2808 ergo
444 2731 526 2789 eaelo
549 2731 629 2807 quod
651 2730 815 2805 praebebat
831 2725 933 2792 ¹luoem
956 2730 1096 2788 tenebrae
1119 2747 1155 2786 ex
1178 2747 1212 2787 eo

196 2819 337 2878 continuo
361 2819 531 2879 oeciderunt
552 2820 609 2878 boo
632 2823 758 2879 estnon
782 2820 842 2878 diei
864 2820 1013 2896 suetonii,
1036 2821 1072 2878 ut
1093 2816 1211 2878 insidiis

195 2904 376 2967 Grueoorum
395 2907 569 2985 suffragium
588 2928 708 2984 quoque
721 2911 860 2969 noeturni
873 2899 1016 2984 temporis
1029 2909 1210 2984 iungeretur.

196 2996 351 3056 involvens
371 2997 476 3055 umbre
494 3015 603 3074 magna
619 3001 789 3073 terramque
803 2997 964 3074 polumque
978 2996 1212 3076 Myrmidonum-

153 3106 181 3143 10
197 3103 255 3159 que
274 3086 365 3146 dolos.
398 3086 567 3145 involutum
586 3086 712 3145 dicimus
732 3086 819 3162 quod,
838 3106 907 3146 eum
925 3088 1052 3161 apparet
1064 3086 1213 3161 primitus,

196 3173 302 3234 dehine
330 3177 467 3261 opertum
494 3176 615 3250 penitus
638 3176 793 3233 oculorum
817 3169 1024 3257 eonspeetibus
1047 3174 1213 3247 abiuratur,

195 3263 332 3322 involute
358 3258 453 3344 igitur
480 3264 556 3323 dixit
584 3264 698 3338 omnia,
725 3259 830 3348 utpote
859 3262 935 3339 quae
957 3282 1017 3321 non
1040 3262 1214 3321 uiderentur

195 3350 409 3413 obsistentibus
432 3354 570 3430 tenebris.
616 3354 679 3425 fusi
696 3351 754 3426 per
775 3356 890 3433 nreenio'
914 3351 1021 3411 Teucri
1044 3353 1211 3418 conticuere,

266 3581 283 3627 4
302 3577 451 3643 manifeste
469 3576 522 3630 bit
539 3577 703 3643 manifestae
722 3576 766 3632 ed.
796 3578 803 3647 1
829 3576 1054 3647 intellegerentur
1066 3578 1132 3624 —t
1148 3570 1229 3623 uiue-

194 3653 290 3700 rentur
308 3645 366 3701 1111·
380 3648 420 3701 ed,
441 3653 529 3704 -retur
544 3665 604 3704 uos.
672 3655 708 3706 11
729 3653 820 3724 operit
835 3648 868 3705 n
885 3665 960 3705 0011.
977 3666 1006 3701 r.
1061 3648 1117 3697 tt
1134 3632 1262 3691 ilem

185 3717 232 3767 hri
248 3716 289 3767 ed
363 3722 397 3769 31
417 3720 571 3778 inauratur
587 3720 643 3779 LR
658 3726 849 3785 abstrahitur
871 3721 946 3779 eui.
