2734 4159
467 409 470 415 .
575 362 759 419 AENEIDOS
777 362 816 419 VI
1143 363 1210 428 563

186 532 239 589 vel
263 533 334 607 quia
356 534 471 592 occasio
495 532 671 591 transeundi
695 533 753 591 fuit
775 532 949 608 temporalis
969 534 999 591 et
1018 533 1093 591 offae
1111 536 1209 592 trans-

186 620 345 681 voratione
364 621 481 699 digesta
499 623 600 697 potuit
620 619 763 681 Cerberus
782 620 866 680 reddi
885 623 978 680 statui
998 640 1051 681 suo
1069 622 1117 683 vel
1137 623 1210 697 quia

186 709 354 769 festinabat
376 711 415 768 ad
438 713 563 786 patrem.
659 717 662 721 ’
945 717 949 722 ’

259 798 402 858 Continuo
430 800 550 859 auditae
570 816 653 859 voees
679 801 797 873 napitas
825 803 851 856 et
876 800 979 874 inqens
1005 800 1210 873 infantumque

155 890 309 948 santmae
337 890 438 961 flentes
466 891 499 947 in
525 888 626 947 limine
650 890 767 962 primo:
797 888 851 946 ubi
881 887 971 946 aeleri
1000 905 1115 965 gressu,
1148 906 1208 946 nou

186 976 361 1053 inpediente
394 975 521 1037 Cerbero
557 977 624 1053 ripa
655 978 833 1037 transmissa
865 979 923 1050 est,
954 995 1022 1035 mox
1055 976 1093 1035 ad
1126 979 1209 1036 auris

185 1066 308 1125 Aeneae
327 1084 415 1125 sonas
434 1065 637 1125 lamentabilis
656 1066 789 1125 renitet
808 1068 928 1143 vagitus
947 1065 1052 1144 ingena
1071 1068 1102 1124 et
1120 1065 1209 1125 fietus

185 1154 359 1214 infantium.
405 1172 477 1229 qnos
500 1157 593 1215 duleis
615 1158 693 1214 vitae
716 1158 833 1222 exortis,
862 1154 917 1213 hoo
945 1158 991 1215 est
1014 1160 1088 1231 quos
1112 1153 1210 1214 duleis

185 1246 253 1303 vita
276 1245 335 1303 'cito
359 1243 490 1303 desemit
513 1248 544 1304 et
565 1244 637 1303 feeit
660 1245 770 1303 exortis
798 1244 830 1301 id
853 1247 899 1302 est
921 1246 1005 1302 extra
1028 1247 1140 1303 sortem
1163 1246 1209 1303 vi-

142 1350 171 1392 ro
185 1332 278 1391 vendi
299 1333 452 1393 maiorem.
498 1339 524 1393 et
546 1335 583 1391 ab
606 1335 694 1393 abere
720 1337 821 1407 raptos
853 1334 974 1391 adstetit
1001 1336 1069 1392 atra
1096 1332 1158 1392 dies
1181 1338 1210 1393 et

184 1424 292 1497 fanore
313 1425 415 1482 mersit
436 1424 553 1481 acerbo:
584 1422 623 1480 ad
646 1424 841 1501 augmentum
863 1422 1065 1481 miserationis
1090 1420 1209 1481 addidit

187 1510 225 1569 ab
248 1511 339 1570 ubere
362 1514 474 1587 raptos.
521 1511 593 1587 quid
616 1513 695 1569 enim
719 1512 822 1570 durius
850 1531 941 1587 quam
969 1512 1139 1587 extorqueri
1160 1510 1206 1568 in-

185 1602 282 1659 sontis
305 1600 452 1659 matribus
479 1599 589 1660 liberos
616 1604 739 1661 suaset
767 1600 804 1659 ab
831 1600 906 1675 ipsis
930 1600 1069 1660 uberibus
1093 1588 1206 1672 divelli,

184 1692 284 1765 perire
303 1709 422 1765 quoque
439 1690 591 1749 inmatura
609 1694 706 1749 morte
725 1692 755 1748 et
774 1693 843 1749 ante
863 1689 994 1765 opprimi
1012 1709 1102 1764 quam
1121 1689 1206 1765 loqui

141 1797 168 1838 rs
184 1776 375 1854 potuissent?
406 1780 458 1838 hos
475 1781 560 1839 tanta
577 1778 655 1852 salso
673 1779 808 1838 danmati
827 1781 948 1838 erimine
965 1780 1081 1837 mortis:
1111 1779 1263 1837 iuxeaeao

185 1868 240 1927 hos
258 1868 382 1926 fuerunt
399 1868 446 1926 illi
465 1870 518 1945 qui
536 1868 621 1928 falsis
640 1868 798 1927 ariminum
816 1867 1091 1927 insimulationibus
1111 1868 1205 1943 pressi

184 1959 256 2016 sunt
279 1960 310 2016 et
331 1956 438 2016 traditi
459 1959 534 2017 neoi.
578 1975 631 2017 nee
652 1975 720 2015 aero
742 1959 798 2016 tae
824 1960 887 2015 stne
913 1960 989 2016 sonte
1016 1957 1115 2025 datae,
1142 1957 1205 2016 stne

183 2046 281 2105 indiae
307 2047 404 2104 sedas:
435 2048 601 2121 ettamen,
624 2047 737 2121 inquit,
760 2047 833 2105 haee
856 2046 922 2105 looa
945 2048 1008 2105 sine
1031 2046 1128 2104 iudiee
1152 2050 1205 2105 aut

184 2138 265 2194 sorte
288 2154 349 2194 non
371 2137 449 2195 sunt.
485 2137 631 2207 quaesitor
648 2136 752 2194 Minos
770 2153 880 2194 arnam
897 2139 1002 2194 monet:
1025 2132 1122 2194 Minos
1140 2135 1203 2193 illio

137 2241 170 2285 ro
184 2227 217 2283 et
238 2223 411 2299 inquirendi
433 2224 523 2284 habet
546 2226 727 2299 potestatem
752 2226 782 2282 et
804 2243 897 2283 urnae
925 2224 1085 2302 agitandas
1112 2224 1204 2283 lieen-

182 2312 269 2387 tiam‚
288 2314 331 2387 ut,
350 2314 377 2371 si
394 2313 573 2372 iudiciorum
592 2315 689 2372 exitus
708 2315 801 2372 etiam
820 2315 908 2372 sortis
933 2313 1090 2372 arbitrium
1114 2332 1207 2389 quae·
1250 2347 1252 2352 >

182 2404 277 2477 reret,
309 2421 370 2461 non
402 2403 517 2462 deesset
549 2421 642 2461 urnae
673 2402 850 2461 substantia.
897 2398 948 2461 ille
976 2403 1111 2460 nlentnm
1137 2419 1208 2461 eon·

186 2491 343 2563 ailiamqne
360 2496 444 2551 aoeat
459 2493 590 2565 eitasqne
609 2496 635 2550 et
652 2493 778 2551 erimina
796 2492 893 2550 discit:
916 2491 967 2549 ille
990 2490 1022 2548 id
1046 2493 1091 2549 est
1105 2490 1208 2551 Minos

184 2580 329 2640 silentum
356 2581 413 2639 hoo
441 2583 487 2640 est
512 2583 700 2640 mortuorum
727 2584 758 2639 et
783 2582 1043 2659 congregationem
1066 2582 1151 2639 aurat
1173 2583 1204 2639 et

141 2687 169 2728 rs
183 2668 349 2747 investigat
372 2670 623 2745 quemadmodum
642 2670 755 2748 singuli
773 2670 911 2734 duxerint
929 2671 1032 2729 vitam.
1063 2669 1203 2742 proxima

183 2756 290 2817 deinde
317 2762 412 2817 tenent
436 2762 539 2819 maesti
561 2760 624 2819 toea
647 2762 698 2834 qai
720 2760 776 2818 sibi
799 2760 887 2818 tetam
908 2762 1036 2818 insontes
1053 2775 1194 2832 peperere
1203 2761 1256 2811 485

182 2866 292 2907 amna:
314 2848 450 2922 proxima
471 2848 538 2907 looa
560 2848 616 2908 hoa
639 2852 685 2908 est
704 2867 722 2907 a
741 2867 832 2924 supra
856 2847 943 2907 dictis
964 2866 1024 2906 non
1042 2848 1131 2924 longe
1150 2866 1201 2922 po-

184 2938 244 3007 site
270 2936 414 2995 tenebant
440 2939 541 2996 tristes
570 2939 635 3012 qui,
664 2956 733 2996 aum
760 2938 892 2996 insontes
921 2939 1030 3010 essent,
1058 2935 1118 3012 ipsi
1145 2936 1202 2995 sibi

182 3024 353 3085 intulerunt
370 3029 506 3099 mortem,
520 3045 587 3085 oum
605 3027 689 3084 nullo
709 3026 831 3084 erimine
846 3028 1058 3101 premerentur.
1092 3025 1203 3084 dieitur

139 3134 168 3175 so
184 3131 276 3174 cansa
298 3115 386 3189 faoti3
418 3115 494 3173 nihil
518 3117 597 3174 enim
619 3115 654 3173 fit
676 3114 735 3174 nisi
760 3116 840 3190 quod
862 3115 992 3174 faciendi
1014 3113 1125 3173 habeat
1152 3133 1200 3173 ne-

183 3205 368 3263 nessitatem:
404 3204 551 3278 lacemque
577 3206 677 3278 perosi
704 3207 852 3278 proiecere
879 3206 1012 3262 animas:
1049 3205 1116 3279 ipsa
1143 3204 1203 3263 fuit

184 3292 370 3368 adpetendae
393 3294 498 3353 mortis
521 3295 613 3367 ratio,
638 3292 708 3369 quia
733 3292 800 3350 odio
824 3293 884 3351 illis
908 3293 1008 3351 fuerat
1030 3292 1095 3366 lux,
1119 3292 1201 3351 labo-

183 3401 251 3440 rum
279 3385 310 3441 et
338 3402 548 3441 aerumnarum
571 3401 668 3442 causa.
715 3400 804 3455 qaam
826 3383 931 3441 nollent
952 3382 1065 3440 aethere
1088 3384 1120 3440 in
1143 3382 1202 3441 alto

256 3538 270 3586 7
290 3534 507 3589 inlamentabilis
520 3534 546 3588 V
560 3551 628 3589 corr.
644 3533 687 3587 ed.
747 3538 762 3585 8
781 3533 831 3587 bac
849 3539 887 3586 est
905 3534 978 3602 qnod
996 3534 1085 3588 dulcis
1098 3531 1124 3585 V
1142 3534 1167 3587 b.
1179 3551 1199 3587 e.

181 3622 251 3675 qnos
268 3606 295 3659 d.
311 3604 355 3658 ed.
430 3613 463 3659 14
482 3622 647 3674 quemqnam
662 3604 689 3658 V
708 3622 790 3673 qnam
809 3605 852 3659 ed.
927 3609 959 3657 17
978 3611 1067 3659 sartae
1086 3604 1149 3658 date
1167 3605 1199 3659 V.

238 3681 271 3729 19
291 3678 383 3731 minna
403 3676 433 3729 in
456 3676 602 3742 lemmate,
625 3677 715 3731 minos
737 3676 767 3729 in
790 3676 905 3745 interpr.
921 3675 954 3730 V.
1035 3681 1068 3729 22
1088 3675 1201 3731 desttV

180 3748 284 3801 deesset
302 3746 344 3801 ed.
368 3750 372 3817 Ι
392 3749 608 3817 omnilinmqnae
626 3747 651 3802 V
670 3749 869 3817 conciliumque
888 3747 931 3802 ed.
950 3748 1064 3802 favente
1082 3748 1201 3819 interpr.

934 3836 986 3891 st*
