2734 4159
570 350 753 406 AENEIDOS
771 352 811 406 VI
912 403 914 407 .
1133 350 1199 417 613

182 521 237 596 qui
269 521 364 579 futuri
395 522 481 579 erant
512 532 620 579 eorum¹
647 520 767 596 posteri.
818 520 925 596 nolite,
957 522 1072 596 iuquit,
1103 521 1200 596 pueri,

183 601 306 688 (pueros
328 609 439 669 ideireo
463 608 604 681 arbitror,
633 609 705 685 quie
727 608 930 685 unusquisque
953 628 1022 669 mox
1044 612 1080 668 ut
1102 611 1198 669 nusei-

183 701 234 756 tur
265 718 339 774 puer
371 702 429 772 est,
460 700 532 757 lieet
562 700 603 756 in·
626 700 726 774 ipsum
762 697 902 776 longaevi
937 699 1066 759 hominis
1098 698 1199 758 anima

183 789 343 846 transitum
365 789 467 862 faeiat,
492 791 521 846 et
543 789 595 846 isti
617 791 697 847 reete
720 789 816 864 pueri,
840 788 982 863 quoniam
1008 789 1041 846 in
1068 790 1198 847 oetatem

154 877 327 952 epuerilem
354 878 474 936 fuerant
500 869 647 957 venturi),
679 878 724 936 eit
752 895 821 953 ergo
850 878 957 951 nolite,
988 877 1088 953 pueri,
1120 877 1198 936 mule

184 965 369 1040 adsuescere,
401 984 460 1024 non
493 965 613 1041 expedit
643 968 679 1024 ut
710 966 786 1026 teliu
817 965 896 1025 bella
929 984 1030 1043 gerere
1067 965 1198 1039 disentiq

183 1074 243 1113 non
265 1054 298 1113 in
321 1073 375 1113 sua
397 1056 513 1115 viscera
535 1055 643 1114 debent
661 1074 746 1118 erma
764 1054 898 1115 converti
913 1073 992 1131 ‘quae
1012 1053 1126 1133 geritis,
1145 1073 1199 1114 nee

183 1143 221 1201 ab
244 1144 379 1203 hostibus
402 1145 434 1202 in
458 1145 531 1203 civis
555 1162 623 1203 eum
645 1144 755 1204 scelere
777 1145 919 1204 revocari.
967 1144 1123 1204 eonsilium
1147 1144 1199 1203 dat

183 1232 339 1293 ostendens
371 1232 443 1309 quid
476 1232 621 1309 prohibiti
652 1232 690 1292 ab
724 1232 840 1293 actibus
867 1232 996 1293 inimieis
1024 1233 1121 1292 faeere
1150 1232 1198 1293 de·

142 1341 169 1381 ro
183 1322 329 1395 tuissent,
356 1324 469 1395 proice,
500 1324 613 1398 inquit,
641 1323 699 1381 telo
724 1340 830 1391 marie,
856 1324 979 1397 soepuis
1006 1340 1095 1381 merce.
1140 1323 1255 1382 iile8eb

183 1412 363 1485 triumphato
393 1410 540 1485 Capitolio
567 1413 607 1471 ad
634 1411 712 1470 alta:
748 1410 787 1470 ad
818 1412 882 1470 alte
910 1410 1059 1487 Capitolio
1090 1410 1123 1471 id
1155 1415 1200 1471 est

183 1519 293 1577 magne
319 1500 368 1559 vel
394 1502 427 1559 in
455 1501 553 1559 altum
580 1501 683 1572 dueta,
714 1500 900 1576 triumphata
932 1499 1008 1559 dixit
1038 1500 1198 1576 triumphis

183 1592 298 1648 ornata.
346 1589 483 1649 Corintho
510 1592 601 1649 eicior
627 1595 693 1665 ayet
719 1607 837 1657 curres,
864 1589 921 1649 hoo
946 1592 992 1649 est
1014 1609 1032 1649 a
1056 1588 1198 1649 Corintho

183 1680 280 1736 vietor
302 1696 406 1739 eunus
429 1679 525 1753 duoet,
548 1681 602 1737 eut
622 1697 697 1755 quos
716 1679 829 1754 captivi
846 1678 1001 1737 traherent
1018 1683 1072 1737 aut
1091 1678 1199 1754 quibus

144 1790 169 1833 rs
182 1768 246 1843 ipse
274 1768 439 1827 veheretur.
485 1770 577 1828 eaesis
603 1769 729 1844 truanes
756 1765 890 1836 Achiuis,
920 1769 1000 1827 eruet
1025 1768 1074 1826 iiie
1101 1764 1200 1842 Arpos

183 1855 487 1932 Apamemaoaiasqae
509 1858 653 1932 Mycenae
675 1860 828 1931 qrewmqee
850 1853 1013 1925 Aeaciden,
1034 1874 1127 1932 pereas
1150 1875 1199 1916 ar·

182 1947 344 2020 mipoterriis
371 1944 494 2015 Acbiiii,
523 1948 603 2006 alius
632 1964 703 2006 avos
733 1947 838 2006 Troiae
864 1947 971 2019 templa
998 1950 1025 2005 ei
1051 1949 1253 2006 temeraia840

182 2036 352 2095 Mineruae:
374 2039 520 2111 quantum
542 2035 586 2094 fili
609 2035 724 2095 animos
746 2035 853 2094 refecit
875 2034 1076 2111 promittendo
1094 2034 1197 2096 interi·

182 2125 247 2182 tum
280 2122 422 2184 Graeciae
459 2127 490 2185 et
526 2125 671 2184 ultionem
707 2124 879 2201 spondendo
917 2125 1041 2184 Troiani
1078 2123 1198 2184 excidii!

142 2235 169 2274 so
183 2217 248 2287 qais
280 2219 318 2282 ie,
350 2232 455 2287 mopere
484 2212 570 2283 Oete,
604 2217 723 2274 tacitam
754 2218 808 2273 oui
838 2217 877 2282 ie,
907 2213 1006 2282 Oosse,
1034 2213 1199 2288 relinquat?

183 2306 249 2375 qais
273 2302 398 2362 Gracchi
423 2320 516 2375 pereae
543 2308 596 2362 arri
619 2305 763 2377 peraiaoe,
790 2303 848 2361 eirca
874 2302 1004 2377 fabrica
1031 2303 1111 2373 beili,
1138 2302 1199 2364 Sei·

178 2392 298 2464 prodas,
326 2393 437 2452 ciacon
463 2392 591 2466 Libyae,
613 2409 765 2466 paruoque
787 2394 932 2465 petentem
954 2392 1128 2452 Fabricium
1154 2393 1199 2452 oei

183 2486 209 2539 ie
235 2479 327 2549 ealce,
350 2480 491 2549 Serene,
517 2482 677 2540 serentem?
722 2498 824 2540 omnes
851 2482 904 2539 isti
927 2480 1051 2540 diversis
1075 2480 1199 2556 ortibus,

184 2572 297 2628 meritis
325 2588 443 2646 quoque
471 2572 501 2628 et
529 2569 640 2629 virtute
667 2569 844 2643 floruerunt,
877 2587 953 2645 quos
980 2569 1133 2646 Vergilius
1164 2589 1200 2630 ex

142 2679 168 2718 re
184 2676 310 2732 persona
323 2659 462 2718 Anehisis
482 2657 556 2716 dicit
573 2677 633 2717 non
652 2676 716 2718 esse
734 2658 1014 2733 praetermittendos
1033 2659 1064 2717 et
1076 2661 1200 2735 propter

183 2747 326 2823 exempla.
340 2749 455 2823 optime
472 2746 631 2806 tradendos
650 2747 811 2807 memoriae
828 2751 1023 2821 posterorum.
1056 2764 1113 2821 quo
1130 2750 1187 2822 fes·
1197 2750 1254 2801 84⁶·

182 2852 249 2893 sura
279 2838 399 2910 rapitis,
426 2836 537 2896 Fabii?
584 2834 678 2896 voluit
706 2838 737 2894 et
764 2834 872 2895 Fabios
901 2836 1116 2911 demonstrare,
1147 2838 1201 2912 qni

183 2924 279 2982 futuri
302 2926 454 2985 essentia
476 2943 599 2984 numero
622 2924 782 2999 nobilium,
806 2926 857 2983 sed
880 2925 1044 3002 longaevus
1066 2925 1198 2985 taedium

183 3014 355 3089 patiebatur
377 3014 558 3073 ambulandi.
596 3018 628 3073 ia
645 3014 801 3074 Maximus
822 3015 872 3074 ille
895 3031 932 3083 es,
950 3031 1029 3073 arros
1047 3017 1098 3087 qai
1116 3015 1200 3074 cobis

143 3123 170 3163 eo
184 3104 345 3166 cunctando
365 3106 501 3173 ,restiteris
527 3121 603 3163 rerer:
634 3104 682 3161 hie
710 3104 764 3163 diu
790 3103 948 3163 tractando
976 3106 1007 3162 et
1035 3104 1198 3163 consultius

184 3193 345 3252 differendo
377 3193 455 3251 mele
487 3196 573 3270 geste
604 3194 740 3252 correxit.
794 3193 932 3253 excederet
963 3191 1017 3251 olii
1051 3195 1200 3267 spirantia

256 3382 357 3435 trecti
374 3379 400 3434 V
417 3387 485 3436 reete
504 3380 548 3434 ed.
564 3383 569 3451 t
585 3398 668 3450 quara
683 3379 710 3434 V
727 3381 858 3451 qaoaiam
876 3379 920 3434 ed.
976 3381 1112 3448 teapeiii
1130 3379 1162 3433 V.

186 3457 218 3505 10
237 3469 337 3506 maore
355 3459 380 3506 et
396 3453 513 3522 suaeuis
529 3451 564 3506 V.
642 3457 675 3506 13
695 3469 794 3507 marrire
810 3450 837 3506 V
854 3468 966 3506 cunam
984 3450 1112 3520 plerique
1131 3451 1199 3505 Ver·

184 3522 293 3592 gilieni.
368 3530 401 3579 16
420 3524 509 3579 caeeis
526 3540 577 3593 pro
596 3525 682 3579 eaesis
699 3521 734 3577 V.
804 3527 836 3576 1⁷
856 3524 964 3591 etpost
982 3522 1081 3591 templa
1101 3521 1198 3576 om.V.

222 3600 253 3647 18
272 3595 316 3662 fiii
333 3597 440 3650 animos
458 3593 484 3648 V
501 3595 556 3662 iiii
574 3596 699 3650 animem
717 3594 760 3648 ed.
821 3594 964 3649 hicterio
983 3594 1025 3649 ed.
1091 3598 1124 3646 23
1144 3594 1200 3648 eel-

183 3682 228 3719 cos
250 3683 348 3791 manqi
369 3666 402 3719 V.
495 3672 528 3721 24
552 3683 655 3736 qaoque
683 3682 737 3720 om.
757 3665 800 3721 ed.
892 3670 926 3718 25
950 3666 1088 3720 Arretinae
1116 3665 1158 3719 ed.

185 3742 217 3789 31
239 3738 304 3791 aliie
350 3780 355 3790 .
