2734 4159
586 338 771 395 AENEIDOS
789 340 815 391 V
1149 341 1216 407 483

195 511 264 568 arat
295 508 461 585 pulchrius,
494 510 556 569 ales
586 510 685 585 ipsam
722 511 866 587 sagittam
892 510 1053 569 revocavit.
1104 513 1216 571 ambae

194 598 278 657 solus
290 598 397 671 palma
413 599 573 672 superabat
590 596 715 667 Acestes,
734 602 785 672 qut
803 602 900 658 tumen
918 600 1017 657 cemos
1035 598 1122 657 telum
1140 617 1206 659 con-
1216 607 1269 655 520

195 688 290 747 eccs
317 690 351 745 in
376 704 468 746 aurae
495 692 642 747 odericus
667 692 760 747 artem
779 691 897 762 pariter·
925 705 1082 761 arcumque
1107 706 1215 749 soccu-

195 780 269 835 tem:
297 774 476 835 novissimus
499 776 622 837 Acestes
644 777 676 835 in
700 778 787 855 galea
810 775 997 850 subsederat,
1025 794 1091 836 ecce
1114 777 1215 837 ethic

167 878 180 918 s
195 864 330 941 perdidit
343 866 527 925 occasionem
540 865 693 941 mittendi3
718 866 796 941 quod
816 866 894 925 enim
910 866 1060 941 expectari
1073 867 1214 942 potuerat

195 972 291 1031 usque
314 953 352 1013 ad
374 956 497 1013 tertiam
524 958 634 1014 sortem
660 955 749 1013 finem
778 957 913 1032 sumpsit.
958 955 1029 1013 licet
1051 954 1145 1032 igitur
1167 974 1215 1015 so·

195 1043 293 1102 lutum
318 1046 395 1103 osset
412 1043 488 1103 illud
507 1048 665 1119 certamen,
688 1047 790 1104 tamen
808 1044 906 1103 voluit
924 1044 1015 1102 etiam
1034 1044 1098 1120 ipso
1117 1047 1215 1103 osten·

194 1131 321 1192 tationis
335 1150 425 1192 causa
438 1136 471 1191 in
485 1151 612 1192 vacuum
626 1136 770 1210 sagittam
785 1134 942 1206 destinare,
961 1135 996 1191 ut
1009 1132 1214 1208 spectantibus

195 1219 414 1282 demonstraret
436 1226 466 1281 et
488 1240 574 1298 posse
597 1242 628 1281 se
651 1222 768 1297 aliquid
790 1224 822 1281 in
850 1242 886 1282 ea
913 1224 977 1281 arte
1005 1222 1048 1296 et,
1077 1223 1103 1280 si
1130 1222 1214 1281 locus

153 1322 181 1363 ιο
195 1312 353 1385 extitisset,
366 1309 482 1387 aliquid
496 1312 610 1388 inplere
629 1312 769 1388 potuisse.
803 1313 850 1371 bic
868 1311 959 1371 oculis
976 1312 1071 1370 subito
1090 1312 1215 1371 obicitur

193 1416 357 1474 magnoque
382 1402 519 1473 futurum
546 1404 672 1476 cupario
701 1406 879 1473 moruorum·
905 1402 1003 1460 docuit
1023 1404 1094 1474 post
1119 1402 1215 1460 scitus

192 1491 297 1563 tepens
314 1506 437 1562 seuque
454 1492 575 1562 terrifici
593 1493 757 1550 emanent
775 1493 875 1549 mnino
888 1493 984 1549 onec:
1006 1508 1074 1547 cum
1088 1489 1213 1549 Acestes

193 1579 338 1655 sagittam
360 1579 486 1653 iecisset,
509 1578 610 1639 subito
633 1578 727 1638 oculis
746 1580 879 1637 omnium
901 1596 1043 1656 magnum
1062 1578 1213 1638 obiectum

193 1670 240 1725 est
262 1670 443 1742 monstrum,
467 1667 546 1743 quod
569 1667 771 1745 praesidendo
798 1686 852 1727 nec
874 1667 1011 1746 intellegi
1034 1669 1135 1743 potuit
1157 1688 1213 1727 neo

152 1767 178 1808 rs
193 1756 297 1832 aliqua
319 1757 567 1831 interpretatione
590 1757 727 1832 dissolri,
749 1756 891 1833 probavit
912 1760 1012 1816 tamen
1035 1756 1091 1815 hoc
1115 1757 1214 1817 exitus

191 1864 293 1904 rerum
325 1847 355 1904 et
386 1847 490 1905 vatum
523 1845 613 1905 tarda
641 1864 786 1923 responsa
818 1846 990 1906 docuerunt.
1044 1845 1093 1905 hic
1125 1848 1212 1905 vates

189 1933 462 2010 reprehenduntur,
486 1935 566 2009 quod
588 1954 642 1995 nec
665 1936 839 2013 intellegere
862 1937 1026 2012 potuerunt
1048 1954 1103 1993 nec
1126 1953 1209 1994 aver·

189 2025 265 2098 tere,
287 2040 382 2099 usque
404 2024 478 2083 adeo
497 2027 533 2082 ut
555 2025 645 2084 etiam
668 2024 749 2101 ipsos
769 2024 841 2099 quid
860 2023 937 2083 illud
956 2025 1034 2082 esset
1052 2042 1137 2083 casus
1158 2023 1209 2099 qui

190 2114 367 2171 consecutus
390 2115 436 2171 est
458 2111 615 2172 docuisset.
651 2132 779 2187 cumque
796 2114 899 2172 colans
917 2113 1038 2186 liquidis
1060 2114 1093 2171 isc
1115 2114 1264 2173 nubi-525

149 2211 175 2255 tc
189 2202 245 2261 bue
269 2204 345 2261 arsit
365 2202 516 2261 harundo:
543 2220 609 2261 ecce
636 2202 716 2262 unde
739 2204 905 2261 monstrum
932 2204 963 2260 et
984 2201 1156 2260 mirandum
1179 2205 1210 2263 et

188 2309 296 2369 grave3
318 2309 389 2349 nam
411 2292 517 2350 volans
539 2290 676 2350 harundo
700 2292 774 2351 arsit
792 2291 871 2350 inter
893 2290 1022 2365 liquidas
1042 2290 1135 2349 nubes
1152 2290 1208 2350 hoc

188 2382 236 2439 est
263 2379 404 2454 mundas,
434 2398 501 2439 cum
533 2399 629 2455 neque
656 2380 778 2458 firlgura
806 2382 942 2439 extarent
969 2381 999 2439 et
1026 2381 1103 2439 aeris
1132 2383 1209 2439 esset

187 2468 275 2527 nulla
296 2468 438 2528 turbatio.
484 2471 667 2543 sipmciiqm
680 2472 761 2528 ciam
779 2471 907 2542 fluminis
926 2470 1075 2541 tenuisque
1092 2471 1208 2528 recessit

187 2562 361 2631 maneta
382 2559 416 2617 in
437 2562 550 2617 centos·
573 2558 645 2616 dum
663 2557 765 2633 currit,
787 2558 949 2636 vestigium
967 2559 1060 2616 traxit
1077 2557 1208 2617 incendii

143 2659 171 2700 ac
188 2648 221 2704 et
253 2647 402 2721 paulatim
434 2648 619 2707 vanescendo
647 2649 824 2722 consumpta
854 2649 899 2706 est
929 2646 1063 2721 flamma,
1093 2647 1207 2706 scilicet

187 2736 303 2812 sagitta
327 2753 446 2811 quoque
468 2738 528 2795 iam
553 2738 729 2811 consumpta
752 2755 845 2812 quam
867 2738 1013 2795 tenuerat.
1059 2737 1137 2795 caclo
1155 2754 1207 2796 ceu

186 2841 275 2897 saepe
297 2826 392 2897 refice
410 2829 618 2885 transcurrunt
635 2828 800 2898 ameche
818 2826 949 2883 eclectio
965 2825 1065 2883 sidere
1082 2826 1207 2885 ducunt:

187 2914 232 2971 sic
255 2914 368 2989 sagitta
390 2914 512 2990 igneam
535 2916 616 2972 viam
645 2914 758 2974 faciens
791 2915 921 2973 cucurrit
951 2917 982 2972 et
1010 2915 1115 2990 postea
1145 2934 1206 2973 non

261 3087 277 3134 2
296 3082 435 3137 concedit
448 3082 500 3136 LR
519 3085 648 3138 contorsit
661 3084 705 3138 ed.
760 3089 776 3136 3
796 3091 881 3139 artem
896 3084 1005 3152 pariter
1018 3082 1043 3135 R
1057 3100 1082 3136 a.
1090 3089 1170 3151 poter
1183 3083 1205 3135 L

186 3159 326 3221 urinaque
335 3160 417 3222 pater
431 3154 502 3207 chI
517 3154 560 3207 ed.
575 3154 735 3223 poet.=R.
764 3217 765 3221 Ἰ
792 3160 917 3209 ttamen
932 3171 984 3208 om.
997 3154 1040 3207 ed.
1096 3161 1206 3222 9pcesc

186 3222 241 3276 LR
260 3224 303 3277 ed.
319 3242 349 3293 p.
364 3242 391 3279 se
409 3242 460 3279 nos
480 3225 525 3295 (of.
537 3228 607 3293 467).
625 3228 629 3293 Ι
645 3242 678 3279 ca
696 3242 750 3280 om.
761 3226 804 3280 ed.
866 3231 899 3279 10
915 3227 1048 3293 potuisset
1065 3224 1118 3277 LR
1135 3241 1204 3279 corr.

187 3295 231 3349 ed.
246 3297 319 3364 post.
403 3302 437 3351 12
456 3299 551 3351 omnia
567 3296 598 3351 L.
681 3302 713 3350 17
734 3304 852 3352 accmre
870 3298 892 3350 L
911 3298 1048 3352 womero
1065 3296 1091 3349 R
1109 3296 1152 3350 ed.

187 3372 223 3421 24
240 3382 303 3421 cum
320 3368 408 3422 currit
426 3368 480 3421 LR
497 3369 564 3423 dum
581 3386 603 3423 c.
622 3385 673 3422 nos
693 3385 777 3437 quum
795 3370 918 3423 cucurrit
935 3368 978 3422 ed.
1072 3371 1106 3420 25
1124 3369 1203 3421 cani·

185 3438 286 3493 scendo
304 3437 334 3491 L.
356 3440 361 3507 Ι
380 3445 419 3494 cst
437 3439 463 3492 R
480 3447 546 3494 essct
563 3440 585 3492 L
603 3440 660 3507 fuit
678 3439 721 3493 ed.
743 3441 747 3509 l
767 3441 869 3494 scilicet
885 3444 911 3494 ct
928 3439 980 3493 LR
999 3440 1042 3494 ed.
1062 3444 1087 3492 et
1104 3438 1203 3493 delevi.

241 3514 275 3563 26
300 3510 432 3577 quoniam
453 3509 507 3564 LR
530 3511 572 3566 ed.
597 3528 701 3580 quoque
724 3512 781 3565 iam
804 3528 862 3565 nos.
897 3513 901 3581 Ι
936 3515 1095 3578 cousumpta
1121 3527 1204 3579 quam

184 3580 304 3635 tenuent
326 3579 348 3631 L
373 3598 394 3636 c.
415 3600 438 3651 q.
458 3584 596 3638 maerim
617 3581 642 3634 R
662 3599 690 3636 'c
711 3599 734 3651 q.
755 3587 880 3636 tenuerat
907 3599 957 3636 nos
985 3580 1204 3651 interpolatione

184 3650 248 3707 loco
269 3654 401 3721 corrupto
420 3654 559 3708 medelam
577 3653 720 3721 quaesivit
738 3654 781 3706 ed.
800 3660 820 3722 {1
834 3680 868 3700 =
884 3670 987 3722 quaere
1006 3654 1036 3706 in
1049 3668 1138 3723 marg.
1153 3653 1204 3707 ad·

183 3721 300 3792 scripsit
317 3721 348 3777 r'.

937 3813 989 3868 ‘dl‘
