2734 4159
430 351 437 362 ·
546 336 729 393 nannmos
746 338 773 392 11
796 320 824 339 ²
1105 304 1167 401 159

154 509 254 564 lentur
282 508 336 581 qui
363 525 398 564 ex
426 508 580 581 opulentia
605 508 638 563 in
665 506 801 565 miserias
824 507 936 566 fuerint
958 508 1044 583 lapsi.
1090 506 1169 565 redit

155 613 272 652 rursum
305 594 342 653 ad
374 595 508 654 fabulam
534 593 749 655 'commendans
779 591 849 670 'per
875 597 981 655 omnia
1006 605 1169 671 'personam

156 684 252 757 suam,
285 688 320 741 ut
353 683 491 743 ostendat
522 703 553 743 se
584 684 696 744 bonum
728 686 855 758 socium,
887 684 998 743 bonum
1030 686 1168 762 amicum,

154 773 265 830 bonurn
288 775 498 848 propinquum.
540 772 728 836 commendat
751 774 843 832 etiam
865 772 1036 832 Palamedis
1058 793 1167 854 memo·

114 883 140 920 ’5
155 864 232 919 riam
259 862 383 921 dicendo
412 864 483 937 quia
509 862 589 921 bella
616 862 752 939 vetabat,
780 865 816 921 ut
843 880 878 920 ex
905 881 940 921 ea
968 879 1057 921 causa
1083 877 1168 937 prae·

157 954 270 1008 starent
290 954 385 1010 amico
399 953 515 1010 inventi
530 951 608 1026 quod
621 951 778 1015 Palamedi
791 950 931 1013 defuneto
946 970 1005 1009 non
1019 954 1168 1026 poterant.

155 1041 269 1098 ιἠυᾱάἱα
283 1045 439 1114 postquem
451 1042 576 1121 pellacis
599 1034 681 1100 meet
700 1038 788 1112 (baut
804 1042 903 1114 iocata
921 1039 1036 1114 loquor)
1054 1041 1169 1113 superis

156 1131 292 1187 concessit
313 1131 351 1188 ob
374 1131 448 1187 oris:
470 1133 676 1205 posteaquam,
698 1130 808 1205 inquit,
831 1129 910 1187 idem
928 1128 1111 1205 Palamedes,
1135 1132 1169 1187 nt

156 1216 292 1276 omnibus
315 1222 420 1276 notum
443 1223 497 1293 est,
520 1219 642 1277 recessit
664 1237 683 1277 a
707 1221 830 1295 superis,
853 1238 913 1277 non
936 1218 1013 1277 dixit
1035 1221 1169 1277 mortuus

115 1330 141 1367 ιο
157 1313 210 1380 est,
234 1306 284 1365 sed
308 1309 461 1381 concessit,
483 1310 520 1366 ut
541 1308 687 1367 memoria
710 1310 772 1367 eius
786 1308 887 1385 digna
911 1311 988 1367 esset
1007 1325 1084 1382 quae
1101 1310 1171 1381 post

156 1395 284 1453 bominis
311 1396 400 1454 finem
426 1396 527 1455 uivere
550 1400 721 1455 mereretur.
767 1415 835 1474 ego,
858 1397 971 1472 inquit,
997 1399 1067 1473 post
1088 1395 1170 1455 illius

156 1503 318 1559 excessum,
342 1487 390 1544 cui
414 1489 444 1543 et
466 1504 564 1545 comes
586 1486 634 1544 fui
656 1489 687 1544 et
710 1486 932 1545 commendatus
956 1490 1096 1561 epatre,
1122 1481 1169 1543 cui

155 1594 202 1630 me
235 1574 391 1633 constabat
423 1593 485 1633 esse
518 1574 659 1651 adfinem,
697 1576 832 1647 adflatus
862 1578 953 1633 vitum
983 1578 1015 1633 in
1048 1576 1171 1633 tenebris

156 1665 289 1734 tractuque
311 1664 468 1722 trabebant.
509 1664 565 1723 hoc
588 1656 654 1722 vult
676 1655 822 1742 intellegi,
845 1668 961 1723 utnon
984 1666 1027 1724 sic
1050 1663 1171 1722 duceret

116 1776 142 1811 15
158 1754 251 1809 vitam
276 1753 422 1826 quomodo
447 1754 499 1828 qui
522 1756 633 1829 optant·
651 1755 762 1829 vivere,
785 1752 837 1812 sed
859 1754 912 1828 qui
935 1754 1180 1829 cupiunt'm‘oril'

156 1842 230 1898 haec
257 1860 316 1899 non
344 1844 430 1899 erant
457 1861 541 1917 vera,
569 1842 621 1902 sed
649 1844 785 1917 quaesita
812 1841 851 1899 ad
878 1841 1043 1901 fallendum
1066 1834 1109 1915 et,
1136 1846 1171 1899 ut

157 1933 301 1987 maiorem
319 1934 452 1989 moveret
469 1930 713 2005 misericordiam,
731 1931 816 1989 addit
834 1935 988 2008 praeterea
1009 1930 1090 1989 aliud
1111 1948 1170 2005 quo

157 2020 265 2077 nimios
287 2019 371 2077 velut
394 2019 509 2079 dolores
533 2039 603 2079 suos
626 2022 806 2097 exprimeret
829 2019 936 2095 quibus
955 2022 1042 2096 quasi
1061 2039 1095 2077 ex
1114 2019 1170 2076 Pa·
1209 2027 1213 2036 '

157 2108 281 2165 lamedis
299 2108 384 2166 luctu
401 2109 500 2168 fuerat
517 2127 648 2185 pressus:
671 2106 716 2183 [ct
734 2127 834 2169 cusum
851 2110 976 2168 insontis
993 2119 1102 2167 mecum
1126 2110 1171 2185 in-

116 2220 142 2256 ao
158 2190 303 2269 (liquatur
322 2196 427 2272 omia]
443 2216 496 2257 uec
514 2200 592 2257 moui
611 2199 727 2257 demens
746 2203 771 2257 ct
788 2215 842 2266 mc,
861 2200 924 2272 sors
942 2200 1028 2271 siquo
1051 2197 1170 2265 tulisset,

157 2288 182 2342 si
207 2288 323 2357 patrios
352 2305 491 2359 umquam
520 2305 692 2346 revocassem
723 2289 813 2346 nidor
844 2288 884 2346 od
911 2285 1022 2361 Argos,
1044 2288 1171 2360 promisi
1189 2294 1223 2348 95

157 2376 279 2432 ultorem
302 2379 328 2433 et
349 2377 444 2434 uerbis
467 2378 535 2435 odio
553 2394 661 2450 aspera
678 2378 763 2435 croci.
800 2375 976 2454 cogitabam,
994 2376 1103 2451 inquit,
1122 2375 1170 2435 de-

157 2464 337 2521 fendendum
351 2483 414 2523 esse
428 2465 557 2523 amicum
570 2467 633 2523 vim
646 2483 769 2540 passum
783 2485 818 2524 ex
832 2464 1005 2524 criminibus
1018 2465 1113 2538 falsis,
1122 2465 1170 2523 de-

157 2552 337 2610 fendendum
351 2572 414 2611 esse
427 2555 623 2629 innocentem,
638 2553 691 2613 sed
703 2549 813 2613 nimius
828 2554 913 2613 dolor
929 2558 1049 2613 tantum
1062 2555 1170 2630 potuit,

116 2664 142 2701 25
157 2646 191 2698 ut
214 2661 260 2698 me
284 2641 403 2700 fecisset
425 2642 572 2701 insanum.
619 2643 747 2719 denique
775 2643 855 2719 quod
881 2644 1043 2721 tegendum
1071 2646 1170 2703 animo

156 2731 228 2803 fuit,
262 2730 341 2805 quod
374 2732 435 2802 alto
467 2732 585 2791 silentio
618 2732 807 2794 retinendum
834 2752 893 2792 non
920 2734 1078 2805 voluntate
1105 2751 1171 2790 mea

158 2839 252 2894 neque
284 2821 403 2898 integro
435 2823 517 2878 statu
548 2823 656 2879 mentis
689 2821 789 2898 potins
817 2822 908 2880 effudi
936 2840 1026 2899 quam
1053 2822 1171 2895 rettuli;

158 2908 234 2981 dixi,
267 2910 395 2967 clamavi
429 2909 508 2985 quod
540 2909 652 2985 pietate
686 2913 808 2988 cogente
841 2913 950 2971 nimius
983 2912 1172 2986 disposuerat

158 2998 256 3071 color,
289 2997 402 3056 seilicet
435 2997 470 3055 de
502 3002 597 3057 morte
629 2998 758 3059 insontis
784 3002 816 3058 in
845 2999 962 3059 sedibus
990 3000 1097 3075 patriis
1125 3019 1172 3057 me

232 3228 245 3273 1
270 3222 388 3275 artiseriie
410 3220 435 3273 R
460 3238 529 3275 corr.
548 3239 610 3273 r=
625 3221 655 3275 L.
747 3230 763 3276 4
787 3224 937 3293 tenuitque
956 3240 1036 3292 prop.
1057 3223 1099 3276 ed.

159 3301 191 3343 14
213 3294 365 3360 luctumque
380 3292 401 3344 L
421 3293 547 3361 luctuque
565 3292 590 3345 R
608 3293 665 3347 ed:
684 3293 881 3363 interpretatio
901 3294 1019 3348 dubium
1037 3292 1173 3360 relinquit

157 3366 286 3431 ductuque
304 3364 404 3431 optimi
422 3363 504 3433 Verg.
525 3363 599 3418 libri.
634 3369 638 3430 Ι
672 3366 812 3419 trahebam
829 3364 970 3419 lemmatis
989 3365 1052 3417 finis
1072 3364 1102 3417 in
1121 3363 1173 3416 th

157 3454 181 3486 v.
204 3440 238 3487 93
262 3435 325 3487 add.
351 3435 408 3501 ed,
432 3452 515 3502 quem
538 3435 667 3503 sequenti
692 3436 788 3505 potius
810 3435 937 3490 lemmati
960 3435 1172 3506 praefigendum

158 3523 219 3559 esse
238 3505 353 3574 interpr.
375 3506 464 3559 docet.
522 3512 567 3560 ’16
586 3513 618 3561 ut
635 3507 688 3560 LR
706 3513 739 3561 ut
756 3508 794 3561 cd
812 3508 854 3561 ed.
921 3513 953 3561 17
973 3508 1084 3561 addidit
1099 3505 1175 3573 'cdl

157 3577 268 3645 ‹tctqciu
285 3577 311 3629 R
330 3578 409 3631 aliiue
426 3596 488 3630 r=
504 3578 533 3631 L.
625 3584 658 3631 es
677 3579 759 3645 fatue
776 3576 829 3633 La
848 3580 870 3646 f.
889 3585 915 3633 u
933 3579 981 3632 eu.
1041 3580 1115 3627 ‘aa
1130 3575 1194 3637 tas

157 3648 211 3700 th
228 3650 249 3714 f.
269 3666 303 3702 ac
321 3649 364 3701 ed.
465 3654 497 3702 27
516 3650 612 3706 rettuli
630 3667 687 3707 om.
707 3650 755 3710 ed.
852 3657 893 3706 ‘ab
912 3648 1041 3705 clamosi
1060 3643 1140 3711 quud
1149 3635 1219 3687 W

156 3721 324 3786 clamatque
340 3720 382 3773 ed.
