2734 4159
474 358 493 373 ,.
548 336 550 338 »
598 290 814 365 cremar
1151 290 1214 357 135

196 468 306 540 posset,
337 464 386 522 vel
409 462 584 537 quiaultra
606 460 769 530 liberorum
791 460 943 539 adfectum
965 464 1088 539 nepotes
1110 459 1214 521 haberi

199 553 361 629 dicuntur,
392 570 429 611 ne
459 554 560 609 autem
588 549 701 611 diceret
729 548 843 627 Cupido
859 568 940 610 eum
967 570 1022 629 ego
1042 569 1214 628 perrexero,

200 642 273 717 quid
300 640 364 715 fiet,
394 641 420 699 si
451 643 594 716 sequatur
620 637 789 700 Ascanius?
816 638 860 699 ait
891 640 968 698 bunc
1000 656 1048 714 epo
1079 642 1268 716 capitumet«)

198 748 298 790 somno
320 747 410 803 cuper
432 730 494 789 alto
521 728 646 803 cauea
668 732 722 789 aeut
742 745 831 803 saper
847 728 983 788 Idalium
1004 733 1123 789 sacrm
1147 729 1215 790 cede

174 820 368 887 trecensium,
400 836 437 877 ue
468 836 528 898 qao
559 820 633 878 scire
660 819 740 877 dolos
767 818 915 877 mediusve
942 834 1090 877 occurrere
1111 820 1214 891 possit.

198 909 272 968 bene
295 927 398 967 somno
421 925 452 966 se
475 907 552 967 dixit
575 908 735 985 capturam·
757 925 896 984 puerum3
913 934 917 940 ·
932 906 965 965 in
997 905 1104 983 quibus
1136 909 1216 967 enim

198 997 315 1058 actibus
342 998 397 1056 illa
424 998 507 1056 aetas
534 999 636 1073 posset
662 994 806 1056 retineri?
840 996 901 1055 *vel
928 997 1008 1056 certe
1036 997 1107 1072 quia
1129 998 1217 1073 pueri

199 1089 282 1145 omni
301 1106 372 1146 cura
390 1088 478 1146 vacui
497 1086 588 1145 altius
607 1088 639 1146 et
656 1085 775 1146 diutius
789 1085 942 1146 dormiunt
960 1088 992 1145 et
1009 1104 1094 1145 mora
1117 1085 1216 1145 tuerat

198 1178 374 1251 necessaria,
392 1175 464 1236 dum
484 1174 599 1251 Cupido
622 1176 758 1236 iniuncta
780 1174 886 1234 matris
909 1174 1045 1252 inpleret.
1083 1173 1216 1250 adnectit

159 1285 186 1323 ιο
199 1264 335 1323 mandati
357 1282 513 1339 summam,
536 1264 626 1330 simul
645 1266 738 1324 etiam
756 1264 887 1324 faciendi
905 1264 1064 1324 consilium
1081 1264 1216 1343 suggerit

199 1356 404 1429 oportunitate
426 1355 569 1430 temporis
593 1353 765 1430 expeditum
787 1357 818 1413 et
839 1353 982 1413 idoneum
1008 1354 1082 1413 satis
1105 1352 1145 1414 ad
1161 1372 1215 1413 oa·

198 1444 323 1519 piendos
351 1442 484 1502 mulieris
512 1444 642 1520 animos;
678 1442 789 1503 mulier
816 1443 926 1520 quippe
953 1441 1215 1519 mandabatquae

199 1534 379 1591 feminarum
405 1536 503 1592 motus
527 1533 640 1616 optime
663 1535 772 1593 nosset.
819 1531 957 1610 designat
979 1533 1075 1609 igitir
1096 1533 1214 1608 tempus

200 1621 279 1697 quod
303 1620 453 1681 amoribus
477 1624 659 1699 oportunum
682 1624 737 1695 est,
759 1619 897 1699 designat
920 1622 1013 1681 etiam
1035 1620 1148 1681 locum:
1174 1625 1214 1689 tu,

159 1728 185 1769 15
199 1712 311 1787 inquit,
339 1712 445 1783 sueton
470 1712 553 1770 idias
578 1715 688 1770 noctem
709 1728 770 1773 non
792 1711 920 1786 amptius
942 1728 1035 1771 uuum
1056 1710 1128 1783 falle
1151 1711 1215 1769 dcto

199 1804 226 1858 et
250 1804 333 1858 notos
354 1802 444 1873 pueri
465 1818 545 1873 puer
565 1801 657 1860 indue
678 1800 789 1868 vultus,
817 1802 862 1868 ut,
891 1816 957 1860 curu
979 1803 1006 1858 tc
1025 1802 1136 1873 premio
1158 1803 1268 1868 occet

197 1891 283 1963 cipio
296 1891 456 1948 laetissbno
464 1889 545 1948 Dido
559 1888 757 1964 repabeibter
769 1906 886 1962 mensos
896 1887 1214 1964 commartyrem,
1240 1919 1242 1958 ς
1254 1931 1261 1965 ,

195 1976 281 2053 [eum
304 1978 387 2037 dubit
406 1980 557 2052 amplexus
576 1977 898 2052 annectebantur
915 1980 992 2053 ficet,
1011 1977 1152 2055 cnutum
1165 1979 1215 2035 tu-

197 2068 292 2141 spires
313 2070 411 2141 mecm
432 2069 579 2142 fallasque
600 2064 735 2143 ueneni
771 2066 841 2128 huic
864 2068 1030 2130 sententiae
1048 2067 1141 2127 etiam
1159 2066 1215 2124 Te-

157 2174 185 2215 ao
198 2157 312 2215 rentius
336 2158 507 2230 attestetur,
531 2157 584 2233 qui
608 2155 685 2215 dixit
708 2156 786 2230 (eun.
806 2158 836 2230 4,
852 2157 881 2232 5,
897 2147 936 2237 6)
956 2157 1037 2231 „sim
1051 2153 1161 2215 Cerere
1185 2158 1216 2215 et

197 2245 305 2303 Libero
329 2247 420 2323 friget
438 2244 565 2305 Venus“.
604 2245 682 2305 unde
701 2246 750 2306 hic
769 2246 888 2305 facilior
906 2264 969 2306 esse
986 2244 1214 2321 potuitmentis

197 2334 368 2409 inclinatio,
401 2336 473 2410 quis
503 2339 663 2409 utrumque
696 2333 874 2412 suppetebat
901 2337 1005 2411 utpote
1032 2334 1066 2393 in
1093 2335 1214 2413 reginae

194 2424 344 2483 convivio.
390 2427 507 2483 noctem
534 2444 595 2484 nou
609 2424 753 2500 ‘amplius
776 2443 879 2500 uuam,
906 2425 941 2482 ut
963 2423 1132 2483 ostenderet
1153 2442 1215 2483 non

197 2514 281 2589 longi
312 2515 455 2589 temporis
487 2533 609 2589 operam
645 2514 844 2574 necessariam
876 2515 906 2571 et
937 2515 1054 2573 mature
1086 2512 1119 2572 id
1150 2512 1215 2572 fieri

155 2621 183 2662 25
198 2602 316 2676 debere,
350 2601 421 2678 quia
448 2602 594 2662 Ascanius
626 2621 688 2666 nou
716 2603 818 2680 potuit
843 2602 961 2679 prolixo
989 2600 1089 2680 spatio
1117 2603 1215 2662 somni

198 2691 443 2766 occupationibus
471 2691 607 2751 detineri.
654 2692 800 2767 conpletis
829 2690 966 2751 omnibus
1000 2710 1076 2768 quae
1106 2691 1215 2752 artifex

197 2784 229 2838 et
256 2780 387 2839 sollicita
414 2780 592 2855 loquebatur
618 2780 773 2840 videamus
803 2778 876 2856 quid
903 2778 1041 2858 adsignet
1069 2798 1214 2857 personae

197 2869 249 2927 fili.
300 2869 416 2927 nullum
448 2868 501 2927 dat
532 2868 584 2929 ille
615 2887 800 2945 responsum.
855 2868 927 2945 quid
959 2871 1039 2930 enim
1070 2888 1214 2945 personae

197 2960 304 3017 matris
326 2959 375 3016 vel
397 2960 525 3017 maxime
548 2960 581 3016 in
604 2958 661 3017 tali
683 2976 774 3018 cause
797 2955 1009 3036 responderet?
1047 2961 1078 3017 et
1094 2961 1213 3035 tempus

153 3070 183 3109 ao
197 3049 287 3121 facta,
311 3066 371 3107 non
393 3046 485 3106 verba
507 3047 557 3107 vel
578 3047 697 3107 fabulas
722 3046 868 3125 exigebat.
902 3046 1214 3121 permetentibus

196 3155 284 3196 carae
311 3138 463 3211 potenteis
493 3141 520 3195 et
548 3137 614 3196 olus
644 3139 722 3195 enuit
752 3141 779 3196 et
804 3152 908 3210 pressu
938 3138 1071 3211 paradeus
1099 3137 1267 3205 merten

270 3331 450 3393 scapulam
469 3324 512 3378 ed.
542 3326 547 3393 Ι
580 3324 654 3379 enim
672 3340 725 3379 om.
741 3324 785 3378 ed.
859 3324 1021 3378 9e'ne'unctu
1040 3322 1092 3375 LR
1110 3321 1153 3376 ed.
1174 3322 1215 3392 (in

196 3398 219 3467 L
243 3397 342 3451 eedem
365 3412 438 3465 quae
461 3411 547 3465 supra
569 3410 668 3449 manus
691 3394 802 3450 litterae
826 3395 964 3464 quasdam
987 3395 1019 3449 in-
1040 3410 1101 3449 mur
1123 3437 1128 3447 .
1148 3394 1213 3449 add.

196 3484 268 3537 quas
286 3468 381 3540 legere
399 3485 456 3542 non
474 3466 573 3536 potui).
603 3468 608 3535 Ι
642 3467 784 3536 compleret
801 3467 845 3521 ed.
944 3472 977 3520 13
996 3472 1082 3520 metuo
1098 3412 1151 3519 {R
1170 3466 1214 3521 ed.

195 3546 285 3594 motus
302 3557 317 3591 r
335 3556 385 3593 nos
405 3539 440 3593 cf,
461 3543 560 3604 teet.
630 3543 664 3591 14
682 3538 771 3592 locum
789 3536 841 3591 LR
860 3538 878 3601 ἱ,
896 3538 990 3596 dicens
1008 3536 1051 3591 ed.
1117 3541 1152 3591 ts
1170 3538 1218 3589 tu-

195 3612 257 3679 quit
275 3627 327 3664 om.
343 3607 386 3664 ed.
443 3614 477 3662 18
495 3626 557 3663 cum
567 3640 600 3648 -
612 3613 645 3661 19
663 3624 766 3665 veneno
785 3608 869 3665 deest
884 3607 989 3663 tntu
1000 3608 1058 3661 sod
1069 3604 1243 3673 explicatur

195 3681 259 3735 loco
278 3681 408 3736 Terentii.
483 3686 518 3735 20
535 3686 687 3740 attestatur
704 3680 761 3738 th
781 3683 940 3741 assentitur
960 3680 1011 3735 ed.
