2734 4159
590 326 774 384 AENEIDOS
793 328 819 383 V
1149 329 1216 394 515

197 496 345 573 praedicti
366 498 484 575 generis
507 498 652 557 animalia
673 498 828 572 inmolari,
855 499 919 573 ipse
941 497 1022 557 idem
1045 502 1114 558 exta
1137 517 1215 557 sum·

197 590 249 662 pta
272 605 309 645 ex
327 586 375 645 his
393 588 509 663 aocepit
531 589 668 662 pateram
686 589 790 646 tenens
814 589 844 645 et
867 590 950 646 stans
973 587 1052 646 celsa
1069 589 1102 646 in
1120 588 1216 664 puppi

196 676 299 734 omnia
320 676 448 751 proiecit
469 676 501 732 in
524 674 632 736 fluctus
660 675 771 735 addens
794 676 911 750 vinum,
939 675 1019 751 quod
1045 675 1161 736 ferebat
1183 678 1215 736 in

196 767 311 840 patera.
343 766 534 839 prosequitur
550 781 673 839 sarpeia
692 783 712 824 a
724 766 824 839 puppi
841 768 943 823 centes
962 767 1072 824 cunta:
1095 768 1215 825 tantum

174 852 343 913 isacrificia
378 854 553 929 valuerunt,
596 855 633 912 ut
670 872 730 912 non
763 853 878 913 deesset
910 855 1100 928 oportunitas
1131 856 1215 914 venti

194 943 344 1003 venientis
367 962 386 1004 a
408 945 518 1020 puppi3
549 944 613 1019 ipse
641 945 687 1002 est
714 944 794 1002 enim
821 951 928 1001 ventus
961 944 1132 1020 prosperior
1160 944 1215 1019 qui

194 1051 303 1091 navem
330 1034 473 1107 sequitur.
524 1034 654 1092 certatim
680 1034 753 1092 socie·
779 1034 893 1106 feriam
920 1050 1002 1091 more
1033 1036 1059 1091 et
1086 1048 1215 1105 aequm-o

193 1124 332 1182 cerrum:
354 1120 485 1180 adventu
507 1120 633 1180 flatuum
655 1122 796 1180 laetiores
815 1122 913 1179 effecti
931 1122 1021 1180 remis
1040 1121 1164 1199 navigia
1181 1122 1214 1181 in

194 1209 293 1269 altum
315 1210 509 1286 proiciebant.

156 1308 181 1351 1⁰
260 1296 305 1357 At
332 1299 430 1360 Venae
451 1301 563 1359 intereo
585 1299 756 1373 Neptunum
786 1301 910 1359 coercito
932 1301 1012 1359 curie
1036 1300 1205 1373 adloquitur
1215 1304 1270 1355 780

193 1388 319 1461 alapae
355 1390 480 1463 effundit
505 1392 621 1462 patore
652 1393 784 1463 questa-s:
824 1388 999 1464 adloquitur
1035 1388 1213 1463 qualitatem

193 1476 335 1536 dictionis
362 1477 481 1536 futurae
509 1496 568 1537 non
596 1477 750 1554 exprimit3
783 1476 906 1536 dubium
934 1480 979 1537 est
1007 1478 1086 1537 enim
1115 1477 1213 1553 qualis

192 1566 297 1624 futura
320 1568 361 1625 sit
383 1566 547 1641 adlocuti03
578 1566 704 1626 effundit
726 1569 828 1626 tamen
851 1570 881 1626 et
905 1569 1025 1641 questus
1050 1585 1085 1625 ex
1108 1570 1213 1641 aperto

171 1656 343 1714 ¹monstrat
365 1673 428 1715 esse
451 1653 568 1730 aliquid
591 1654 671 1731 quod
699 1655 774 1713 iram
803 1656 957 1715 locuturas
984 1657 1160 1731 pronuntiet
1183 1658 1213 1715 et

150 1756 178 1798 rs
192 1742 335 1803 dolorem.
390 1744 517 1804 Imwais
546 1747 649 1820 procis
684 1748 732 1804 iro
769 1763 861 1819 aeque
899 1746 1078 1804 ecotmobilc
1109 1749 1213 1818 pectas

190 1837 298 1907 coeant
319 1850 374 1903 me,
396 1833 541 1907 Neptune,
557 1851 661 1909 preces
683 1835 854 1893 descendere
875 1836 909 1893 ta
927 1836 1030 1904 omno,
1053 1851 1143 1908 qaam
1160 1852 1213 1893 aec

190 1922 281 1997 aaa
303 1922 366 1982 cies
382 1923 482 1997 pietas
503 1940 556 1983 nec
577 1925 693 1998 intimat
709 1923 774 1983 olla
795 1940 848 1982 aec
861 1923 943 1982 Iocis
965 1925 1088 1997 imperio
1106 1925 1213 1998 fotieoe

189 2013 324 2085 infracta
346 2014 482 2085 maarai:
503 2032 614 2089 magna
637 2012 694 2071 hoo
716 2012 782 2072 loco
807 2014 837 2070 et
860 2011 1022 2071 artificiosa
1044 2012 1211 2088 concepti03

190 2119 264 2159 nam
290 2100 370 2159 inter
396 2100 464 2176 ipsa
490 2100 579 2159 initia
607 2102 637 2159 et
663 2120 822 2176 personam
850 2120 935 2160 suam
964 2100 1154 2160 commendat
1181 2104 1214 2160 et

149 2203 175 2245 so
190 2188 343 2248 deformat
369 2188 516 2249 inimicae.
572 2189 696 2250 dicendo
727 2192 807 2249 enim
836 2209 982 2267 provocor
1010 2191 1151 2264 conqueri
1181 2192 1212 2250 et

190 2296 269 2352 quae
287 2278 472 2354 provocabat
490 2278 673 2356 gravabatur
691 2280 806 2338 invidia
825 2282 856 2337 et
875 2298 951 2353 quae
970 2281 1128 2354 provocari
1146 2297 1211 2339 sese

189 2366 373 2442 querebatur
391 2367 479 2443 culpa
493 2386 620 2427 vacuam
638 2386 700 2427 sese
718 2368 877 2427 laborabat
895 2368 1057 2426 ostendere.
1094 2368 1211 2427 interea

189 2457 291 2532 coepit
314 2475 332 2514 a
359 2458 491 2530 nomine,
518 2458 554 2515 ut
581 2457 750 2516 ostenderet
777 2477 811 2515 ex
840 2458 902 2515 eius
930 2458 1063 2531 primatu
1091 2455 1211 2515 adsum-

186 2546 275 2620 ptam
289 2545 464 2621 potentiam.
502 2544 619 2604 addidit
636 2547 737 2623 gravis
755 2548 815 2605 ira:
839 2547 939 2623 gravis
958 2547 1014 2605 hoc
1033 2547 1079 2604 est
1096 2547 1210 2605 iniusta

143 2648 172 2690 so
189 2636 221 2693 et
238 2633 363 2709 perinde
381 2636 496 2711 gravis:
519 2635 592 2693 ferri
610 2636 691 2692 enim
709 2654 769 2693 non
787 2636 907 2710 poterat
930 2653 1006 2709 quae
1025 2633 1210 2693 irascebatur

188 2722 382 2782 frustrabor
406 2725 451 2781 est
478 2741 545 2782 oum
573 2742 663 2783 eausa
691 2741 751 2783 non
779 2725 962 2799 suppeteret,
995 2722 1101 2782 deinde
1132 2742 1209 2797 quae

187 2813 367 2871 irasceretur
395 2811 581 2872 inmoderate
608 2832 662 2872 nec
692 2815 795 2889 pectus
821 2813 884 2871 eius
913 2812 1077 2870 innumeris
1105 2811 1208 2871 Troia-

187 2918 296 2961 norum
326 2900 482 2976 suppliciis
511 2904 687 2977 satiaretur3
718 2901 873 2960 execrandi
904 2904 1005 2959 autem
1035 2903 1104 2960 sunt
1132 2902 1209 2959 eius·

260 3073 277 3122 9
297 3070 397 3138 profici
421 3088 485 3124 oum
508 3070 632 3140 quinque
655 3070 814 3125 litterarum
843 3070 936 3139 spatio
959 3070 981 3123 L
1008 3070 1084 3123 idem
1112 3086 1208 3139 super-

187 3140 295 3210 scripto
314 3147 366 3195 ant
378 3141 404 3193 R
421 3142 466 3195 vel
481 3144 642 3210 propellunt
659 3143 690 3194 in
708 3157 796 3210 marg.
811 3139 834 3195 r'
849 3142 988 3209 proficisci
1001 3142 1147 3195 studebant
1163 3140 1207 3195 ed.

182 3212 358 3282 proiciebaat
376 3212 420 3281 (cf.
432 3215 495 3280 837)
513 3230 573 3280 nos,
588 3213 663 3281 quod
682 3212 750 3266 licet
769 3212 897 3281 exemplo
917 3213 1019 3280 careat,
1034 3215 1132 3266 tamen
1151 3229 1207 3267 non

184 3283 281 3337 minus
304 3282 426 3337 latinum
448 3284 560 3337 videtur
582 3300 668 3353 quam
692 3283 799 3351 „eicere
822 3289 933 3337 naves“.
1025 3289 1058 3336 12
1077 3285 1208 3340 dictionis

183 3356 303 3423 saturae
320 3354 373 3407 La
395 3356 470 3410 oerbi
487 3355 579 3422 saturi
598 3356 640 3409 ed.
733 3359 767 3407 13
785 3362 811 3409 et
829 3362 938 3423 questas
956 3354 1007 3407 LR
1026 3353 1075 3408 edI
1098 3362 1208 3423 questos

184 3433 211 3481 et
230 3425 298 3480 aar.
354 3431 388 3479 14
407 3433 540 3481 mouebat
554 3426 606 3479 LR
619 3427 661 3480 ed.
676 3431 848 3481 memoras?
909 3432 941 3479 15
960 3444 1045 3495 aeque
1063 3432 1206 3481 exsatura-

184 3498 240 3553 bile
258 3496 312 3549 LIt
329 3503 355 3551 et
372 3499 574 3553 iaeoeotwrobde
593 3497 635 3552 ed.
652 3498 700 3566 (ad
716 3504 768 3564 1‚4
782 3514 838 3552 non
853 3496 991 3566 mutavit).
1049 3502 1153 3550 16-17
1173 3514 1207 3552 ae

183 3570 271 3639 loapa
289 3564 348 3624 La.
406 3574 439 3622 1⁷
457 3570 577 3637 fatisque
594 3569 646 3621 La
663 3570 763 3636 fotisoe
781 3587 796 3622 r
810 3569 852 3622 ed.
869 3568 920 3638 (sio
939 3568 1013 3623 infra
1033 3568 1120 3623 etiam
1134 3569 1206 3639 LR).

188 3650 195 3661 ·
241 3644 276 3693 23
295 3639 443 3708 compsam
457 3639 508 3693 Lu
527 3641 700 3708 absumptam
718 3640 760 3694 ed.
777 3640 950 3708 adsumptam
971 3640 1016 3710 (cf.
1029 3644 1091 3709 789)
1110 3658 1169 3696 nos.

183 3717 219 3767 27
240 3711 416 3767 octonarum
433 3711 485 3764 LR
504 3728 572 3765 corr.
588 3711 630 3765 ed.
706 3717 739 3765 28
758 3713 893 3767 eiusmodi
911 3728 964 3765 om.
980 3712 1022 3767 ed.

938 3804 992 3856 33*
