2734 4159
577 315 762 373 AENEIDOS
780 317 806 370 H
916 370 918 375 ,
1135 316 1201 383 245

183 505 264 546 meos
293 487 396 545 stravi.
442 486 545 545 debuit
572 486 651 546 enim
679 505 746 545 eum
774 485 928 562 commodo
961 505 1015 546 suo
1048 486 1132 562 ferri,
1163 506 1201 545 ne

184 579 337 654 ingratum
360 574 445 634 fieret
467 575 548 651 quod
570 576 659 651 pleno
681 574 861 633 reddebatur
879 574 1032 650 obsequio.
1068 576 1202 636 succedo·

183 684 238 741 que
261 667 357 723 oueri:
390 667 498 737 stravi,
524 665 637 741 inquit,
665 665 744 723 eolla
766 667 797 722 et
819 682 937 722 umeros
959 682 1041 723 meos
1065 667 1095 723 et
1118 664 1202 724 oneri

184 756 319 815 successi.
370 754 487 813 dextrae
518 772 549 813 sc
574 772 691 827 pareus
722 753 811 811 Iuius
846 754 983 827 inplicuit
1017 756 1202 829 sequiturque

157 866 169 905 s
178 850 297 919 petreia
319 860 379 901 uou
395 844 538 916 passibus
556 846 672 916 eequis:
694 841 771 900 dixit
788 843 910 915 factum,
929 841 1006 901 dixit
1024 844 1053 901 et
1072 860 1201 902 oausam.

183 933 306 992 tenebat
333 932 420 1006 mibi,
447 934 559 1008 inquit,
588 952 710 992 manum
733 931 812 989 fflius
837 950 919 991 meus
942 949 1068 1006 sequens
1091 950 1138 990 me
1162 935 1202 1006 et,

184 1043 251 1081 eum
276 1020 396 1079 deberet
418 1021 506 1080 lateri
529 1039 595 1081 meo
618 1021 782 1096 inhaerere,
809 1040 926 1097 semper
953 1022 1101 1097 posterior
1129 1021 1202 1097 fuit3

184 1132 244 1171 non
264 1111 342 1169 enim
361 1112 502 1185 poterant
514 1112 610 1185 patris
625 1112 768 1189 fugientis
783 1128 900 1188 gressus
915 1110 1044 1186 pueriles
1060 1128 1201 1185 aequare:

153 1222 157 1230 ¹
185 1205 215 1259 et
242 1203 274 1258 in
302 1199 358 1257 hoc
385 1199 518 1258 laborem
548 1218 634 1258 suum
667 1200 764 1258 voluit
796 1199 1012 1273 demonstra-e,
1044 1202 1079 1258 ut
1110 1218 1203 1257 unum

144 1291 285 1363 referret,
300 1288 428 1347 alterum
442 1287 582 1347 traheret.
617 1288 723 1347 deinde
739 1308 897 1364 personam
916 1289 1071 1365 coniungit
1088 1286 1201 1347 uxoris:

179 1397 267 1453 poue,
286 1378 339 1452 ait,
356 1379 436 1437 subit
452 1381 588 1437 couiuuc.
624 1398 700 1437 uxor
722 1377 903 1454 sequebatur
926 1379 1030 1436 omnis.
1067 1378 1254 1450 ferimurtut

179 1486 237 1541 per
268 1485 361 1541 opaca
393 1468 534 1536 iocorum,
565 1486 619 1542 per
650 1466 717 1525 loca
749 1468 863 1527 seilicet
893 1466 1018 1526 diversis
1047 1465 1203 1526 arboribus

185 1560 339 1635 occupata.
385 1561 411 1614 et
433 1575 490 1624 uic,
515 1574 598 1629 queue
621 1556 734 1614 dudum
757 1573 816 1615 uou
837 1557 901 1615 utic
923 1558 1030 1615 iuieeta
1052 1557 1205 1616 ruocedeut

186 1648 242 1705 tete
264 1664 355 1719 ueque
379 1646 496 1704 adeost
515 1646 668 1720 glomerati
692 1664 726 1704 ecc
748 1648 863 1720 upuuue
888 1645 978 1714 Grai,
1004 1663 1084 1704 uuuc
1106 1662 1204 1704 oueues

145 1754 171 1794 rs
186 1740 294 1794 terreut
325 1753 430 1803 curce,
462 1752 551 1792 sonus
584 1737 689 1794 recitet
715 1738 809 1793 eruitis
837 1752 1012 1808 suspensum
1040 1738 1067 1793 et
1087 1737 1204 1807 puriter

186 1827 338 1897 comitique
360 1826 497 1896 onerique
519 1826 679 1883 timentem:
714 1844 788 1899 non,
814 1825 929 1899 inquit,
956 1842 1015 1899 quo
1038 1824 1119 1898 ipsas
1142 1841 1203 1882 me-

185 1917 300 1971 tuerem
327 1913 478 1987 tenebrae,
506 1913 654 1972 sollicitus
677 1914 731 1987 fui,
754 1913 865 1972 sedne
889 1913 925 1971 de
947 1912 1079 1971 tenebris
1102 1914 1202 1988 inpro-

185 2004 267 2061 visus
294 2002 389 2061 hostis
417 2005 588 2079 emergeret.
634 2022 703 2061 oum
725 2002 820 2077 solus,
842 2003 956 2076 inquit,
979 2019 1072 2060 essem
1096 1999 1203 2059 01010-

187 2092 338 2150 oumfusus
361 2091 456 2149 hostis
478 2093 594 2167 tegeret
616 2092 713 2151 101000
735 2111 810 2166 mea,
834 2091 916 2149 nullo
939 2093 1022 2149 metu
1049 2090 1204 2168 tangebar,

144 2199 172 2239 ro
187 2180 239 2240 sed
267 2199 333 2238 cum
362 2179 397 2237 de
427 2180 592 2239 adfectibus
620 2180 693 2239 meis
721 2179 883 2239 liberandis
912 2180 1076 2257 cogitarem
1098 2198 1204 2254 resque

185 2272 253 2345 ipsa
272 2271 349 2327 esset
366 2268 398 2326 in
417 2269 563 2343 manibus,
582 2288 641 2328 non
660 2290 707 2328 me
725 2270 843 2329 hostilis
863 2268 1023 2345 adgressio,
1043 2268 1094 2327 sed
1114 2285 1204 2327 causa

186 2358 324 2417 terrebat.
371 2376 439 2416 eum
462 2358 540 2416 enim
563 2361 653 2435 turpe
681 2361 757 2418 esset
789 2360 920 2416 metuere
949 2358 1013 2417 viro
1041 2357 1126 2430 forti,
1156 2375 1204 2415 ex-

185 2449 370 2507 cusationem
398 2448 556 2507 necessarii
582 2448 702 2507 timoris
731 2445 879 2522 adiunxit,
907 2448 943 2503 ut
964 2447 1062 2524 magis
1085 2445 1204 2504 laudari

185 2536 330 2610 debuerit,
353 2537 426 2611 quia
448 2537 560 2612 timuit,
584 2555 674 2612 quam
697 2534 881 2612 reprehendi.
923 2535 1083 2610 comitique
1107 2537 1203 2594 oneri·

143 2645 170 2685 rs
185 2644 243 2702 que
270 2627 439 2683 timentem:
471 2628 504 2683 in
531 2626 678 2703 singulari
705 2643 828 2683 numero
856 2643 915 2683 non
943 2644 1036 2681 unum
1064 2625 1204 2683 comitem

185 2714 420 2792 intellegendum
453 2717 511 2788 est,
544 2715 594 2773 sed
623 2717 798 2789 utrumque,
830 2716 864 2771 ut
896 2714 994 2772 oneris
1022 2713 1203 2790 significatio

185 2805 335 2880 pertineat
358 2804 397 2862 ad
419 2805 546 2878 patrem,
569 2805 688 2863 comitis
712 2803 803 2861 etad
826 2821 955 2861 uxorem.
992 2804 1110 2877 iamque
1122 2820 1194 2876 pro·
1204 2806 1256 2856 130

179 2894 367 2967 piuquubuui
384 2895 481 2965 portis
504 2910 671 2965 omnemque
693 2892 814 2951 01010100
838 2894 963 2951 euasisse
989 2893 1082 2962 01000,
1109 2894 1204 2951 subito

185 3001 252 3041 curu
275 2983 374 3041 creber
396 2983 436 3039 ud
459 2984 544 3040 curie
566 2985 647 3040 uisus
671 2983 771 3041 edesse
789 2982 900 3054 pedum
918 2984 1045 3041 souitus:
1068 2983 1205 3058 suspensi

257 3210 273 3258 8
293 3206 410 3272 aequori
423 3205 476 3258 LR
490 3204 532 3259 ed.
548 3221 666 3273 aequore
679 3203 706 3257 H
721 3204 764 3258 ed.
779 3207 852 3274 post.
868 3206 998 3273 (pueritie
1010 3205 1042 3273 r).
1109 3208 1141 3255 13
1161 3220 1203 3257 oc·

185 3282 288 3344 cuputa
310 3276 363 3328 Lu
384 3276 429 3329 vel
453 3281 570 3344 opacata
592 3274 614 3328 r'
638 3276 669 3328 in
692 3292 780 3345 marg.
816 3280 820 3345 Ι
854 3276 991 3331 uouuullo
1014 3274 1067 3328 LR
1092 3290 1160 3328 0000.
1181 3292 1202 3327 0.

241 3354 274 3400 14
293 3347 402 3401 aduersi
415 3346 468 3400 Lu
482 3347 525 3402 ed.
541 3348 653 3401 aduerso
668 3346 751 3417 Verg.
767 3347 834 3401 libri
848 3362 943 3401 omnes
958 3348 987 3400 et
1001 3344 1031 3399 r'.
1093 3350 1125 3398 17
1141 3346 1202 3414 pol-

186 3420 279 3473 licitus
297 3418 349 3470 LR
368 3435 436 3472 eorr.
455 3436 477 3471 r.
551 3422 585 3471 20
604 3435 665 3472 cum
683 3417 737 3471 Lu
756 3419 798 3472 ed.
818 3435 879 3472 cuui-
898 3418 930 3472 de
948 3431 1008 3471 nos.
1029 3417 1033 3487 1
1058 3433 1089 3470 co
1113 3417 1204 3470 ‘terem

185 3490 237 3542 LR
255 3507 367 3558 operam
385 3491 479 3544 durem
498 3490 540 3543 ed.
614 3494 649 3541 24
666 3489 788 3555 feriendi
805 3489 826 3542 L
844 3490 953 3556 fereudi
969 3489 995 3541 R
1013 3504 1089 3556 repre
1142 3488 1172 3541 di
1189 3505 1204 3540 r

185 3563 350 3629 (vituperari
364 3561 459 3615 adnot.
470 3560 502 3630 r')
520 3563 546 3616 ei
559 3561 680 3627 ferieudi
694 3561 828 3615 desiderio
842 3561 995 3615 traheretur
1014 3560 1056 3613 ed.
1112 3564 1145 3611 2⁷
1166 3559 1206 3611 ed

185 3631 238 3684 LR
257 3633 300 3685 ed.
320 3638 345 3686 et
363 3634 401 3755 gd
418 3651 433 3684 r
451 3632 505 3702 (vel
523 3634 549 3686 R
567 3632 639 3703 ipse)
657 3648 718 3687 nos.
818 3637 854 3688 ‘tt
875 3633 1165 3703 suspensi-auen
1181 3642 1227 3677 so-

185 3706 262 3757 nitus
279 3720 389 3757 ome.
