2734 4159
183 345 250 411 600
464 343 605 399 nouam
621 342 792 397 murreum
811 342 919 397 Vuae.

184 530 335 574 murmure
357 532 493 588 compes:
515 512 622 590 opibus
644 514 720 573 istas
744 512 859 572 animas
880 514 1057 588 conparavit
1075 530 1153 588 quoe
1171 516 1205 572 in

184 604 264 664 valle
288 607 401 663 secretu
423 602 558 662 infinitae
581 604 693 661 circum
714 602 848 679 virgrdta
871 602 1015 661 silvarum
1033 601 1207 661 volitabant

184 697 215 751 et
242 692 374 752 fluminis
400 684 483 769 ripas
509 692 591 766 ideo,
620 692 692 766 quia
722 690 841 750 eaedem
873 709 943 767 apes
966 692 1045 751 iuste
1067 694 1099 750 et
1122 695 1206 751 caste

183 782 306 841 floribus
330 800 415 842 suam
438 780 612 858 concipiunt
633 780 768 855 prolem,
781 780 903 839 floribus
926 781 1016 839 mella
1042 780 1207 839 conficiunt

184 874 215 930 et
242 872 327 930 favos
354 871 479 929 honesto
506 869 608 928 labore
637 868 820 928 distendunt.
865 870 1046 945 perindeque
1075 873 1105 928 et
1130 868 1205 929 illoc
1232 888 1246 930 s

184 960 315 1033 animae,
345 958 417 1033 quia
444 978 498 1034 pro
526 960 633 1017 merito
661 977 714 1017 suo
742 958 894 1018 condendo
917 958 1053 1017 Romano
1075 959 1205 1034 imperio

184 1048 369 1125 parabantur
392 1051 423 1106 et
446 1048 638 1123 conpleturae
662 1048 782 1105 fuerant
805 1047 886 1107 orbis
910 1049 940 1106 et
967 1050 1121 1107 creaturae
1145 1047 1204 1106 Ro-

132 1142 314 1196 710manam
336 1137 481 1212 subolem,
499 1156 591 1212 apum
614 1136 748 1195 coetibus
767 1139 931 1196 noscuntur
949 1139 1104 1213 aequatae.
1138 1138 1206 1195 bor·

183 1228 268 1285 rescit
289 1227 356 1285 cicc
378 1227 481 1296 redito
503 1226 560 1285 boc
584 1228 630 1286 est
651 1244 720 1283 cum
743 1228 864 1301 stupore
887 1224 1023 1300 miratur,
1041 1243 1206 1299 causasque

183 1316 306 1388 requirit
333 1316 444 1375 inemec
471 1312 602 1374 Aeneae:
637 1314 745 1373 merito
777 1314 949 1390 requirebat
981 1333 1098 1391 causas,
1132 1317 1206 1390 quia
1220 1335 1246 1375 ro

182 1406 300 1463 inscius·
327 1404 438 1477 fuerat3
474 1404 575 1463 nullus
608 1405 688 1462 enim
720 1405 839 1479 quaerit
870 1421 956 1464 uosse
994 1404 1073 1478 quod
1108 1406 1204 1464 novit.

183 1510 258 1566 quoe
290 1494 350 1551 sint
367 1511 415 1551 ea
446 1494 572 1565 flemina
599 1509 692 1566 porro
725 1495 809 1565 quiue
840 1494 900 1552 oiri
932 1496 1011 1552 torcio
1043 1494 1206 1566 complerint

184 1584 300 1655 epmine
326 1584 424 1655 ripas:
455 1582 529 1640 baec
556 1581 673 1639 Aeneas
702 1580 842 1657 cupiebat
868 1599 968 1656 nosse,
996 1600 1072 1658 quae
1105 1587 1206 1642 essent

182 1670 238 1729 ille
260 1670 384 1729 flumina
407 1670 454 1730 vel
478 1689 605 1747 qnorum
628 1670 762 1729 virorum
785 1670 904 1729 animae
926 1671 959 1729 in
983 1690 1076 1729 unum
1105 1675 1205 1731 essent

184 1764 390 1837 congregatae.
435 1778 489 1835 per
510 1760 725 1836 interrogantis
752 1760 1017 1835 respondentisque
1034 1778 1204 1835 personam
1220 1780 1247 1821 rs

183 1868 218 1908 eo
246 1852 353 1925 poetae
385 1849 504 1908 ducitur
535 1867 668 1922 carmen,
700 1851 737 1906 ut
763 1849 880 1909 Aeneas
908 1850 1005 1908 laetus
1034 1848 1071 1907 ab
1099 1849 1205 1909 inferis

184 1938 356 1997 dimittatur
388 1941 417 1996 et
449 1938 578 1997 felicitas
611 1939 674 1997 eius
708 1941 865 2013 appareat,
897 1939 947 1997 oui
978 1938 1035 1997 soli
1067 1940 1205 2017 contigit,

184 2030 346 2103 antequem
372 2030 576 2100 nascerentur,
606 2045 692 2087 nosse
719 2030 854 2102 posteros
883 2045 959 2086 suos
1005 2029 1205 2105 interrogatio

183 2117 278 2193 igitur
304 2117 367 2175 eins
395 2117 528 2176 continet
555 2118 803 2192 propositionem,
836 2136 896 2191 qua
928 2115 1070 2191 cupiebat
1100 2117 1205 2177 audire

184 2208 252 2281 quis
284 2208 333 2265 vel
365 2206 463 2282 qualis
495 2206 548 2265 ille
578 2205 619 2264 sit
645 2205 753 2263 fluvius
782 2206 893 2280 quique
921 2207 983 2264 sint
1009 2206 1058 2263 illi
1086 2207 1139 2281 qui
1166 2207 1206 2265 ad
1220 2226 1247 2267 ro

184 2296 310 2354 eundem
333 2295 452 2355 collecti
475 2298 642 2371 streperent
664 2296 714 2354 vel
737 2314 789 2353 cur
813 2312 847 2351 oo
871 2297 1047 2372 congregati
1076 2294 1205 2354 couflue-

183 2387 257 2442 rent.
304 2389 366 2443 tem
383 2388 471 2458 poter
493 2381 649 2444 Anchises:
672 2384 918 2456 decimacionibus
941 2384 1036 2442 altero
1057 2384 1120 2455 fato
1143 2401 1205 2442 cor-

132 2476 183 2525 715
188 2490 267 2545 pora
295 2472 434 2532 debentur
456 2473 579 2533 Lethaei
606 2474 646 2532 ad
673 2475 805 2545 fluminis
831 2474 944 2532 codem
966 2489 1083 2532 securos
1105 2474 1205 2531 latices

184 2564 211 2618 et
227 2561 315 2634 leupo
333 2563 439 2621 oblivio
453 2566 573 2635 potant:
596 2582 687 2638 quam
706 2564 766 2621 cito
786 2563 958 2621 summatim
977 2562 1093 2621 duobus
1114 2581 1203 2637 quae·

184 2649 250 2707 sitis
283 2652 424 2709 occurrit!
471 2651 547 2709 dixit
579 2653 659 2709 enim
692 2652 744 2726 qui
777 2653 817 2710 sit
848 2650 956 2709 fluvius
987 2653 1017 2709 et
1046 2669 1137 2727 quem
1167 2651 1203 2710 ob
1218 2670 1245 2710 io

185 2756 305 2797 causam
335 2740 452 2798 animae
481 2742 694 2801 convenissent.
741 2740 829 2815 istae,
853 2741 964 2815 inquit,
992 2741 1110 2799 animae
1134 2743 1204 2798 sunt

184 2827 288 2901 primis
312 2831 466 2903 exemptae
490 2828 671 2903 corporibus,
695 2830 758 2886 eius
782 2830 846 2904 fati,
871 2833 905 2888 ut
928 2829 1073 2889 secundae
1093 2829 1154 2888 luci
1174 2833 1203 2888 et

181 2916 279 2974 'altero
308 2920 425 2992 corpori
452 2918 580 2976 debeant
607 2916 705 2974 reddi:
737 2918 793 2977 hae
820 2919 858 2976 ad
881 2918 1046 2978 Lethaeum
1069 2918 1202 2991 fluvium,

185 3024 271 3080 quem
296 3008 400 3078 cernis,
423 3008 555 3064 veniunt.
594 3007 657 3065 eius
681 3007 761 3065 enim
779 3011 888 3065 nature
906 3009 977 3067 telis
997 3011 1050 3083 est,
1069 3010 1103 3065 ut
1122 3010 1202 3082 quis·

185 3096 250 3169 quis
284 3112 318 3151 ex
351 3113 385 3152 eo
418 3097 568 3169 potaverit
601 3095 744 3170 quicquid
780 3096 861 3170 apud
895 3116 1017 3172 superos
1050 3099 1202 3175 gestorum
1217 3116 1245 3156 so

185 3200 307 3241 suorum
334 3186 495 3242 memoriae
522 3184 719 3242 mandaverat
749 3184 863 3259 perdat.
911 3206 972 3261 qua
1004 3204 1094 3244 causa
1125 3188 1203 3245 ist-ee

256 3375 272 3424 3
296 3372 365 3424 iuste
388 3377 413 3424 et
436 3388 481 3425 coe
500 3370 533 3426 V.
624 3378 641 3425 4
664 3373 745 3427 melle
767 3374 917 3439 conficient
939 3374 965 3427 V
991 3391 1023 3428 m.
1043 3375 1204 3442 concipient

184 3442 211 3495 H
231 3443 273 3496 ed.
361 3444 463 3511 operio
482 3459 535 3496 om.
555 3443 598 3496 ed.
683 3444 790 3498 turbis
809 3443 834 3496 V
852 3446 945 3499 urbem
963 3444 1018 3498 ΗΟ
1037 3444 1094 3499 ed:
1114 3445 1204 3498 orbem

184 3512 310 3580 mallem,
335 3529 371 3567 an
394 3516 460 3567 sunt
483 3514 564 3568 orbes
587 3514 675 3568 iidem
699 3516 748 3583 qui
771 3533 796 3568 v.
813 3521 882 3570 746?
972 3522 988 3569 8
1008 3523 1160 3570 noscuntur
1177 3515 1204 3570 V

184 3592 338 3640 irascuntur
366 3585 408 3640 ed.
429 3602 483 3641 om.
504 3586 546 3640 ed.
566 3589 638 3655 post.
737 3592 769 3638 12
798 3588 847 3655 pei
873 3589 965 3641 ceneri
992 3593 1069 3640 tento
1097 3588 1204 3656 conple-

175 3665 241 3713 rent
262 3657 291 3713 V.
381 3664 415 3713 24
434 3659 541 3713 duobus
558 3676 609 3727 que
627 3660 688 3713 sitis
708 3658 732 3709 V
752 3673 819 3710 corr.
841 3658 883 3710 ed.
971 3665 1003 3711 31
1024 3660 1205 3712 mandaverat

170 3729 198 3783 V
214 3734 268 3789 -re't
287 3732 331 3789 ed.
