<?xml version="1.0" encoding="UTF-8"?>
<!DOCTYPE html PUBLIC "-//W3C//DTD XHTML 1.0 Transitional//EN"
    "http://www.w3.org/TR/xhtml1/DTD/xhtml1-transitional.dtd">
<html xmlns="http://www.w3.org/1999/xhtml" xml:lang="en" lang="en">
 <head>
  <title>
</title>
<meta http-equiv="Content-Type" content="text/html;charset=utf-8" />
  <meta name='ocr-system' content='tesseract 3.04.00' />
  <meta name='ocr-capabilities' content='ocr_page ocr_carea ocr_par ocr_line ocrx_word'/>
</head>
<body>
  <div class='ocr_page' id='page_1' title='image "./tibericlaudidon02georgoog_0056.png"; bbox 0 0 2734 4159; ppageno 0'>
   <div class='ocr_carea' id='block_1_1' title="bbox 518 342 1173 408">
    <p class='ocr_par' dir='ltr' id='par_1_1' title="bbox 518 342 1173 408">
     <span class='ocr_line' id='line_1_1' title="bbox 518 342 1173 408; baseline -0.003 -10"><span class='ocrx_word' id='word_1_1' title='bbox 518 363 521 368; x_wconf 94' lang='lat'>·</span> <span class='ocrx_word' id='word_1_2' title='bbox 555 342 741 399; x_wconf 74' lang='lat' dir='ltr'>-aaunlnos</span> <span class='ocrx_word' id='word_1_3' title='bbox 759 344 773 397; x_wconf 90' lang='lat'>1</span> <span class='ocrx_word' id='word_1_4' title='bbox 1153 344 1173 408; x_wconf 75' lang='lat' dir='ltr'>&#39;l</span> 
     </span>
    </p>
   </div>
   <div class='ocr_carea' id='block_1_2' title="bbox 154 512 1173 857">
    <p class='ocr_par' dir='ltr' id='par_1_2' title="bbox 154 512 1173 857">
     <span class='ocr_line' id='line_1_2' title="bbox 155 512 1173 591; baseline 0.002 -20"><span class='ocrx_word' id='word_1_5' title='bbox 155 514 255 590; x_wconf 88' lang='lat' dir='ltr'>prima</span> <span class='ocrx_word' id='word_1_6' title='bbox 283 515 314 572; x_wconf 95' lang='lat' dir='ltr'>et</span> <span class='ocrx_word' id='word_1_7' title='bbox 340 513 375 571; x_wconf 85' lang='lat' dir='ltr'>in·</span> <span class='ocrx_word' id='word_1_8' title='bbox 400 512 482 572; x_wconf 86' lang='lat' dir='ltr'>eliud</span> <span class='ocrx_word' id='word_1_9' title='bbox 509 515 627 589; x_wconf 89' lang='lat' dir='ltr'>tempus</span> <span class='ocrx_word' id='word_1_10' title='bbox 656 514 810 591; x_wconf 74' lang='lat' dir='ltr'><strong>superiora</strong></span> <span class='ocrx_word' id='word_1_11' title='bbox 838 513 970 589; x_wconf 75' lang='lat' dir='ltr'>distulit,</span> <span class='ocrx_word' id='word_1_12' title='bbox 993 513 1082 573; x_wconf 91' lang='lat' dir='ltr'>utin</span> <span class='ocrx_word' id='word_1_13' title='bbox 1105 531 1173 573; x_wconf 89' lang='lat' dir='ltr'>con·</span> 
     </span>
     <span class='ocr_line' id='line_1_3' title="bbox 155 601 1173 679; baseline 0.001 -17"><span class='ocrx_word' id='word_1_14' title='bbox 155 602 238 663; x_wconf 76' lang='lat' dir='ltr'>virio</span> <span class='ocrx_word' id='word_1_15' title='bbox 260 601 388 662; x_wconf 83' lang='lat' dir='ltr'><strong>Didonis</strong></span> <span class='ocrx_word' id='word_1_16' title='bbox 410 605 613 673; x_wconf 75' lang='lat' dir='ltr'>narrarentur,</span> <span class='ocrx_word' id='word_1_17' title='bbox 634 622 681 676; x_wconf 90' lang='lat' dir='ltr'>ne,</span> <span class='ocrx_word' id='word_1_18' title='bbox 705 604 732 662; x_wconf 93' lang='lat' dir='ltr'>si</span> <span class='ocrx_word' id='word_1_19' title='bbox 753 603 852 679; x_wconf 87' lang='lat' dir='ltr'>prima</span> <span class='ocrx_word' id='word_1_20' title='bbox 874 606 1068 679; x_wconf 80' lang='lat' dir='ltr'>ponerentur,</span> <span class='ocrx_word' id='word_1_21' title='bbox 1092 603 1173 663; x_wconf 89' lang='lat' dir='ltr'>odio·</span> 
     </span>
     <span class='ocr_line' id='line_1_4' title="bbox 154 691 1173 769; baseline 0.002 -19"><span class='ocrx_word' id='word_1_22' title='bbox 154 709 224 750; x_wconf 90' lang='lat' dir='ltr'>sum</span> <span class='ocrx_word' id='word_1_23' title='bbox 250 693 331 751; x_wconf 82' lang='lat' dir='ltr'>foret</span> <span class='ocrx_word' id='word_1_24' title='bbox 356 691 430 750; x_wconf 86' lang='lat' dir='ltr'>haec</span> <span class='ocrx_word' id='word_1_25' title='bbox 458 691 561 751; x_wconf 88' lang='lat' dir='ltr'>eadem</span> <span class='ocrx_word' id='word_1_26' title='bbox 587 692 758 767; x_wconf 75' lang='lat' dir='ltr'>inquirente</span> <span class='ocrx_word' id='word_1_27' title='bbox 782 692 899 752; x_wconf 88' lang='lat' dir='ltr'>Didone</span> <span class='ocrx_word' id='word_1_28' title='bbox 921 695 1068 769; x_wconf 88' lang='lat' dir='ltr'>repetere,</span> <span class='ocrx_word' id='word_1_29' title='bbox 1097 712 1173 768; x_wconf 91' lang='lat' dir='ltr'>quae</span> 
     </span>
     <span class='ocr_line' id='line_1_5' title="bbox 156 780 1023 857; baseline 0.002 -18"><span class='ocrx_word' id='word_1_30' title='bbox 156 780 299 839; x_wconf 87' lang='lat' dir='ltr'>vitandae</span> <span class='ocrx_word' id='word_1_31' title='bbox 320 780 504 857; x_wconf 70' lang='lat' dir='ltr'>prolixitatis</span> <span class='ocrx_word' id='word_1_32' title='bbox 526 798 617 839; x_wconf 89' lang='lat' dir='ltr'>causa</span> <span class='ocrx_word' id='word_1_33' title='bbox 640 780 731 840; x_wconf 91' lang='lat' dir='ltr'>semel</span> <span class='ocrx_word' id='word_1_34' title='bbox 755 781 813 840; x_wconf 91' lang='lat' dir='ltr'>dici</span> <span class='ocrx_word' id='word_1_35' title='bbox 836 784 1023 841; x_wconf 87' lang='lat' dir='ltr'>convenerat</span> 
     </span>
    </p>
   </div>
   <div class='ocr_carea' id='block_1_3' title="bbox 102 939 1254 3157">
    <p class='ocr_par' dir='ltr' id='par_1_3' title="bbox 128 939 1186 1376">
     <span class='ocr_line' id='line_1_6' title="bbox 128 939 1173 1019; baseline 0 -18"><span class='ocrx_word' id='word_1_36' title='bbox 128 963 141 1001; x_wconf 84' lang='grc' dir='ltr'><strong>ι</strong></span> <span class='ocrx_word' id='word_1_37' title='bbox 222 939 491 1017; x_wconf 85' lang='lat' dir='ltr'>Interpretabimur</span> <span class='ocrx_word' id='word_1_38' title='bbox 525 943 621 1019; x_wconf 85' lang='lat' dir='ltr'>igitur</span> <span class='ocrx_word' id='word_1_39' title='bbox 656 940 736 1016; x_wconf 92' lang='lat' dir='ltr'>quod</span> <span class='ocrx_word' id='word_1_40' title='bbox 773 941 901 1001; x_wconf 82' lang='lat' dir='ltr'>diximus</span> <span class='ocrx_word' id='word_1_41' title='bbox 937 941 1052 1017; x_wconf 90' lang='lat' dir='ltr'>thema,</span> <span class='ocrx_word' id='word_1_42' title='bbox 1089 943 1173 1001; x_wconf 90' lang='lat' dir='ltr'>onius</span> 
     </span>
     <span class='ocr_line' id='line_1_7' title="bbox 156 1030 1186 1107; baseline -0.001 -17"><span class='ocrx_word' id='word_1_43' title='bbox 156 1030 255 1105; x_wconf 85' lang='lat' dir='ltr'>prima</span> <span class='ocrx_word' id='word_1_44' title='bbox 280 1048 351 1107; x_wconf 89' lang='lat' dir='ltr'>pars</span> <span class='ocrx_word' id='word_1_45' title='bbox 374 1036 420 1089; x_wconf 90' lang='lat' dir='ltr'>est</span> <span class='ocrx_word' id='word_1_46' title='bbox 437 1048 524 1089; x_wconf 80' lang='lat' dir='ltr'>arere</span> <span class='ocrx_word' id='word_1_47' title='bbox 545 1032 699 1104; x_wconf 82' lang='lat' dir='ltr'>virumque</span> <span class='ocrx_word' id='word_1_48' title='bbox 721 1048 808 1089; x_wconf 77' lang='lat' dir='ltr'>ceno:</span> <span class='ocrx_word' id='word_1_49' title='bbox 839 1031 872 1089; x_wconf 92' lang='lat' dir='ltr'>in</span> <span class='ocrx_word' id='word_1_50' title='bbox 893 1030 950 1090; x_wconf 89' lang='lat' dir='ltr'>hae</span> <span class='ocrx_word' id='word_1_51' title='bbox 972 1030 1119 1104; x_wconf 87' lang='lat' dir='ltr'>brevitate</span> <span class='ocrx_word' id='word_1_52' title='bbox 1143 1034 1186 1107; x_wconf 32' lang='lat' dir='ltr'>et,</span> 
     </span>
     <span class='ocr_line' id='line_1_8' title="bbox 155 1119 1172 1198; baseline 0.001 -20"><span class='ocrx_word' id='word_1_53' title='bbox 155 1121 286 1198; x_wconf 70' lang='lat' dir='ltr'>augurata</span> <span class='ocrx_word' id='word_1_54' title='bbox 312 1119 518 1195; x_wconf 85' lang='lat' dir='ltr'>propositione</span> <span class='ocrx_word' id='word_1_55' title='bbox 545 1119 643 1178; x_wconf 88' lang='lat' dir='ltr'>multa</span> <span class='ocrx_word' id='word_1_56' title='bbox 671 1120 831 1194; x_wconf 81' lang='lat' dir='ltr'>conplexus</span> <span class='ocrx_word' id='word_1_57' title='bbox 859 1123 916 1192; x_wconf 71' lang='lat' dir='ltr'>est,</span> <span class='ocrx_word' id='word_1_58' title='bbox 954 1137 1025 1177; x_wconf 90' lang='lat' dir='ltr'>nam</span> <span class='ocrx_word' id='word_1_59' title='bbox 1053 1123 1083 1178; x_wconf 91' lang='lat' dir='ltr'>et</span> <span class='ocrx_word' id='word_1_60' title='bbox 1105 1138 1172 1195; x_wconf 95' lang='lat' dir='ltr'>pro·</span> 
     </span>
     <span class='ocr_line' id='line_1_9' title="bbox 156 1208 1174 1284; baseline -0.002 -15"><span class='ocrx_word' id='word_1_61' title='bbox 156 1210 259 1283; x_wconf 88' lang='lat' dir='ltr'>posuit</span> <span class='ocrx_word' id='word_1_62' title='bbox 280 1208 438 1267; x_wconf 86' lang='lat' dir='ltr'>etdivisit</span> <span class='ocrx_word' id='word_1_63' title='bbox 460 1210 490 1267; x_wconf 92' lang='lat' dir='ltr'>et</span> <span class='ocrx_word' id='word_1_64' title='bbox 512 1208 544 1265; x_wconf 93' lang='lat' dir='ltr'>in</span> <span class='ocrx_word' id='word_1_65' title='bbox 567 1227 602 1267; x_wconf 91' lang='lat' dir='ltr'>eo</span> <span class='ocrx_word' id='word_1_66' title='bbox 624 1209 691 1284; x_wconf 90' lang='lat' dir='ltr'>ipso</span> <span class='ocrx_word' id='word_1_67' title='bbox 713 1227 777 1268; x_wconf 89' lang='lat' dir='ltr'>sese</span> <span class='ocrx_word' id='word_1_68' title='bbox 800 1208 996 1283; x_wconf 91' lang='lat' dir='ltr'>commendat,</span> <span class='ocrx_word' id='word_1_69' title='bbox 1015 1208 1096 1284; x_wconf 92' lang='lat' dir='ltr'>quod</span> <span class='ocrx_word' id='word_1_70' title='bbox 1113 1227 1174 1267; x_wconf 93' lang='lat' dir='ltr'>non</span> 
     </span>
     <span class='ocr_line' id='line_1_10' title="bbox 156 1296 1173 1376; baseline 0.001 -21"><span class='ocrx_word' id='word_1_71' title='bbox 156 1296 272 1357; x_wconf 87' lang='lat' dir='ltr'>ludicra</span> <span class='ocrx_word' id='word_1_72' title='bbox 295 1299 343 1362; x_wconf 83' lang='lat' dir='ltr'>vel</span> <span class='ocrx_word' id='word_1_73' title='bbox 365 1298 469 1372; x_wconf 91' lang='lat' dir='ltr'>turpia</span> <span class='ocrx_word' id='word_1_74' title='bbox 496 1300 530 1355; x_wconf 92' lang='lat' dir='ltr'>ut</span> <span class='ocrx_word' id='word_1_75' title='bbox 558 1298 621 1370; x_wconf 86' lang='lat' dir='ltr'>alii,</span> <span class='ocrx_word' id='word_1_76' title='bbox 648 1297 700 1357; x_wconf 90' lang='lat' dir='ltr'>sed</span> <span class='ocrx_word' id='word_1_77' title='bbox 727 1300 862 1373; x_wconf 88' lang='lat' dir='ltr'>spectata</span> <span class='ocrx_word' id='word_1_78' title='bbox 890 1298 1014 1376; x_wconf 83' lang='lat' dir='ltr'>elegerit</span> <span class='ocrx_word' id='word_1_79' title='bbox 1041 1298 1080 1356; x_wconf 88' lang='lat' dir='ltr'>ad</span> <span class='ocrx_word' id='word_1_80' title='bbox 1102 1300 1173 1356; x_wconf 91' lang='lat' dir='ltr'>scri·</span> 
     </span>
    </p>

    <p class='ocr_par' dir='ltr' id='par_1_4' title="bbox 115 1386 1175 1819">
     <span class='ocr_line' id='line_1_11' title="bbox 115 1386 1173 1463; baseline -0.003 -15"><span class='ocrx_word' id='word_1_81' title='bbox 115 1410 141 1449; x_wconf 82' lang='lat' dir='ltr'>ro</span> <span class='ocrx_word' id='word_1_82' title='bbox 156 1386 294 1459; x_wconf 84' lang='lat' dir='ltr'>bendum,</span> <span class='ocrx_word' id='word_1_83' title='bbox 313 1405 397 1445; x_wconf 87' lang='lat' dir='ltr'>arma</span> <span class='ocrx_word' id='word_1_84' title='bbox 415 1386 539 1459; x_wconf 88' lang='lat' dir='ltr'>scilicet,</span> <span class='ocrx_word' id='word_1_85' title='bbox 556 1387 614 1445; x_wconf 89' lang='lat' dir='ltr'>hoc</span> <span class='ocrx_word' id='word_1_86' title='bbox 631 1390 677 1446; x_wconf 89' lang='lat' dir='ltr'>est</span> <span class='ocrx_word' id='word_1_87' title='bbox 695 1390 812 1447; x_wconf 90' lang='lat' dir='ltr'>scutum</span> <span class='ocrx_word' id='word_1_88' title='bbox 831 1390 861 1446; x_wconf 90' lang='lat' dir='ltr'>et</span> <span class='ocrx_word' id='word_1_89' title='bbox 879 1388 940 1447; x_wconf 85' lang='lat' dir='ltr'>alia</span> <span class='ocrx_word' id='word_1_90' title='bbox 959 1404 1035 1463; x_wconf 87' lang='lat' dir='ltr'>quae</span> <span class='ocrx_word' id='word_1_91' title='bbox 1054 1388 1173 1446; x_wconf 83' lang='lat' dir='ltr'>Aeneae</span> 
     </span>
     <span class='ocr_line' id='line_1_12' title="bbox 156 1474 1175 1552; baseline 0.002 -20"><span class='ocrx_word' id='word_1_92' title='bbox 156 1475 327 1535; x_wconf 87' lang='lat' dir='ltr'>Vulcanum</span> <span class='ocrx_word' id='word_1_93' title='bbox 350 1474 511 1534; x_wconf 77' lang='lat' dir='ltr'>fabricasse</span> <span class='ocrx_word' id='word_1_94' title='bbox 533 1477 717 1552; x_wconf 81' lang='lat' dir='ltr'>perscripsit,</span> <span class='ocrx_word' id='word_1_95' title='bbox 740 1479 771 1535; x_wconf 91' lang='lat' dir='ltr'>et</span> <span class='ocrx_word' id='word_1_96' title='bbox 792 1477 903 1551; x_wconf 83' lang='lat' dir='ltr'>virum,</span> <span class='ocrx_word' id='word_1_97' title='bbox 929 1495 990 1536; x_wconf 92' lang='lat' dir='ltr'>non</span> <span class='ocrx_word' id='word_1_98' title='bbox 1012 1478 1047 1535; x_wconf 91' lang='lat' dir='ltr'>ut</span> <span class='ocrx_word' id='word_1_99' title='bbox 1070 1494 1175 1535; x_wconf 86' lang='lat' dir='ltr'>sexum</span> 
     </span>
     <span class='ocr_line' id='line_1_13' title="bbox 155 1563 1174 1643; baseline -0.001 -19"><span class='ocrx_word' id='word_1_100' title='bbox 155 1563 353 1641; x_wconf 75' lang='lat' dir='ltr'>significaret,</span> <span class='ocrx_word' id='word_1_101' title='bbox 381 1564 434 1624; x_wconf 85' lang='lat' dir='ltr'>sed</span> <span class='ocrx_word' id='word_1_102' title='bbox 455 1565 554 1623; x_wconf 79' lang='lat' dir='ltr'>virrnn</span> <span class='ocrx_word' id='word_1_103' title='bbox 578 1565 631 1640; x_wconf 92' lang='lat' dir='ltr'>qui</span> <span class='ocrx_word' id='word_1_104' title='bbox 653 1565 729 1624; x_wconf 88' lang='lat' dir='ltr'>talia</span> <span class='ocrx_word' id='word_1_105' title='bbox 752 1584 848 1640; x_wconf 86' lang='lat' dir='ltr'>arma,</span> <span class='ocrx_word' id='word_1_106' title='bbox 876 1568 941 1623; x_wconf 91' lang='lat' dir='ltr'>tam</span> <span class='ocrx_word' id='word_1_107' title='bbox 963 1584 1087 1643; x_wconf 80' lang='lat' dir='ltr'>magna,</span> <span class='ocrx_word' id='word_1_108' title='bbox 1109 1568 1174 1623; x_wconf 90' lang='lat' dir='ltr'>tam</span> 
     </span>
     <span class='ocr_line' id='line_1_14' title="bbox 155 1654 1175 1731; baseline 0.001 -19"><span class='ocrx_word' id='word_1_109' title='bbox 155 1654 282 1730; x_wconf 86' lang='lat' dir='ltr'>pulchra</span> <span class='ocrx_word' id='word_1_110' title='bbox 308 1654 417 1713; x_wconf 88' lang='lat' dir='ltr'>habere</span> <span class='ocrx_word' id='word_1_111' title='bbox 445 1654 494 1713; x_wconf 92' lang='lat' dir='ltr'>vel</span> <span class='ocrx_word' id='word_1_112' title='bbox 521 1657 638 1731; x_wconf 83' lang='lat' dir='ltr'>gestare</span> <span class='ocrx_word' id='word_1_113' title='bbox 665 1654 812 1729; x_wconf 87' lang='lat' dir='ltr'>potuerit,</span> <span class='ocrx_word' id='word_1_114' title='bbox 839 1656 938 1713; x_wconf 83' lang='lat' dir='ltr'>virum</span> <span class='ocrx_word' id='word_1_115' title='bbox 966 1655 1018 1730; x_wconf 90' lang='lat' dir='ltr'>qui</span> <span class='ocrx_word' id='word_1_116' title='bbox 1045 1654 1175 1713; x_wconf 86' lang='lat' dir='ltr'>Romani</span> 
     </span>
     <span class='ocr_line' id='line_1_15' title="bbox 154 1742 1174 1819; baseline -0.001 -17"><span class='ocrx_word' id='word_1_117' title='bbox 154 1744 276 1819; x_wconf 90' lang='lat' dir='ltr'>imperii</span> <span class='ocrx_word' id='word_1_118' title='bbox 303 1745 408 1802; x_wconf 87' lang='lat' dir='ltr'>auctor</span> <span class='ocrx_word' id='word_1_119' title='bbox 435 1746 465 1802; x_wconf 88' lang='lat' dir='ltr'>et</span> <span class='ocrx_word' id='word_1_120' title='bbox 492 1743 629 1803; x_wconf 87' lang='lat' dir='ltr'>conditor</span> <span class='ocrx_word' id='word_1_121' title='bbox 656 1760 719 1802; x_wconf 86' lang='lat' dir='ltr'>esse</span> <span class='ocrx_word' id='word_1_122' title='bbox 746 1743 901 1816; x_wconf 89' lang='lat' dir='ltr'>meruerit,</span> <span class='ocrx_word' id='word_1_123' title='bbox 928 1743 1027 1802; x_wconf 83' lang='lat' dir='ltr'>virum</span> <span class='ocrx_word' id='word_1_124' title='bbox 1050 1745 1103 1819; x_wconf 90' lang='lat' dir='ltr'>qui</span> <span class='ocrx_word' id='word_1_125' title='bbox 1125 1742 1174 1801; x_wconf 93' lang='lat' dir='ltr'>Iu·</span> 
     </span>
    </p>

    <p class='ocr_par' dir='ltr' id='par_1_5' title="bbox 102 1831 1254 3157">
     <span class='ocr_line' id='line_1_16' title="bbox 115 1831 1174 1907; baseline -0.003 -14"><span class='ocrx_word' id='word_1_126' title='bbox 115 1853 141 1893; x_wconf 85' lang='grc' dir='ltr'>ιι</span> <span class='ocrx_word' id='word_1_127' title='bbox 155 1834 243 1892; x_wconf 90' lang='lat' dir='ltr'>nonis</span> <span class='ocrx_word' id='word_1_128' title='bbox 255 1831 436 1891; x_wconf 90' lang='lat' dir='ltr'>inimicitias</span> <span class='ocrx_word' id='word_1_129' title='bbox 456 1836 486 1890; x_wconf 92' lang='lat' dir='ltr'>et</span> <span class='ocrx_word' id='word_1_130' title='bbox 504 1833 665 1892; x_wconf 87' lang='lat' dir='ltr'>factionem</span> <span class='ocrx_word' id='word_1_131' title='bbox 683 1832 808 1891; x_wconf 87' lang='lat' dir='ltr'>deorum</span> <span class='ocrx_word' id='word_1_132' title='bbox 826 1834 959 1891; x_wconf 90' lang='lat' dir='ltr'>omnium</span> <span class='ocrx_word' id='word_1_133' title='bbox 977 1834 1174 1907; x_wconf 82' lang='lat' dir='ltr'>superaverit,</span> 
     </span>
     <span class='ocr_line' id='line_1_17' title="bbox 155 1918 1173 1997; baseline 0 -17"><span class='ocrx_word' id='word_1_134' title='bbox 155 1921 255 1980; x_wconf 84' lang='lat' dir='ltr'>virum</span> <span class='ocrx_word' id='word_1_135' title='bbox 278 1923 332 1995; x_wconf 89' lang='lat' dir='ltr'>qui</span> <span class='ocrx_word' id='word_1_136' title='bbox 353 1924 433 1980; x_wconf 90' lang='lat' dir='ltr'>terra</span> <span class='ocrx_word' id='word_1_137' title='bbox 456 1924 591 1997; x_wconf 88' lang='lat' dir='ltr'>marique</span> <span class='ocrx_word' id='word_1_138' title='bbox 609 1922 740 1981; x_wconf 84' lang='lat' dir='ltr'>iactatus</span> <span class='ocrx_word' id='word_1_139' title='bbox 758 1921 855 1980; x_wconf 89' lang='lat' dir='ltr'>multa</span> <span class='ocrx_word' id='word_1_140' title='bbox 874 1921 999 1980; x_wconf 88' lang='lat' dir='ltr'>adversa</span> <span class='ocrx_word' id='word_1_141' title='bbox 1017 1918 1173 1980; x_wconf 90' lang='lat' dir='ltr'>tolerando</span> 
     </span>
     <span class='ocr_line' id='line_1_18' title="bbox 155 2008 1174 2087; baseline -0.002 -18"><span class='ocrx_word' id='word_1_142' title='bbox 155 2028 191 2069; x_wconf 91' lang='lat' dir='ltr'>ac</span> <span class='ocrx_word' id='word_1_143' title='bbox 222 2010 344 2069; x_wconf 82' lang='lat' dir='ltr'>ferendo</span> <span class='ocrx_word' id='word_1_144' title='bbox 376 2012 583 2070; x_wconf 87' lang='lat' dir='ltr'>transmiserit.</span> <span class='ocrx_word' id='word_1_145' title='bbox 638 2011 694 2070; x_wconf 94' lang='lat' dir='ltr'>hoc</span> <span class='ocrx_word' id='word_1_146' title='bbox 726 2010 792 2070; x_wconf 91' lang='lat' dir='ltr'>loco</span> <span class='ocrx_word' id='word_1_147' title='bbox 825 2010 960 2087; x_wconf 85' lang='lat' dir='ltr'>plerique</span> <span class='ocrx_word' id='word_1_148' title='bbox 989 2008 1174 2069; x_wconf 88' lang='lat' dir='ltr'>arbitrantur</span> 
     </span>
     <span class='ocr_line' id='line_1_19' title="bbox 154 2098 1174 2177; baseline -0.001 -19"><span class='ocrx_word' id='word_1_149' title='bbox 154 2117 269 2159; x_wconf 87' lang='lat' dir='ltr'>errasse</span> <span class='ocrx_word' id='word_1_150' title='bbox 283 2098 459 2177; x_wconf 83' lang='lat' dir='ltr'>Vergilium,</span> <span class='ocrx_word' id='word_1_151' title='bbox 478 2102 512 2157; x_wconf 92' lang='lat' dir='ltr'>ut</span> <span class='ocrx_word' id='word_1_152' title='bbox 530 2101 627 2175; x_wconf 90' lang='lat' dir='ltr'>primo</span> <span class='ocrx_word' id='word_1_153' title='bbox 646 2119 718 2173; x_wconf 88' lang='lat' dir='ltr'>rem,</span> <span class='ocrx_word' id='word_1_154' title='bbox 738 2099 843 2158; x_wconf 92' lang='lat' dir='ltr'>deinde</span> <span class='ocrx_word' id='word_1_155' title='bbox 862 2117 1020 2175; x_wconf 90' lang='lat' dir='ltr'>personam</span> <span class='ocrx_word' id='word_1_156' title='bbox 1033 2101 1174 2173; x_wconf 73' lang='lat' dir='ltr'>poneret,</span> 
     </span>
     <span class='ocr_line' id='line_1_20' title="bbox 102 2180 1174 2269; baseline 0 -22"><span class='ocrx_word' id='word_1_157' title='bbox 102 2232 104 2237; x_wconf 84' lang='lat'>-</span> <span class='ocrx_word' id='word_1_158' title='bbox 155 2190 211 2264; x_wconf 88' lang='lat' dir='ltr'>qui</span> <span class='ocrx_word' id='word_1_159' title='bbox 238 2190 264 2247; x_wconf 91' lang='lat' dir='ltr'>si</span> <span class='ocrx_word' id='word_1_160' title='bbox 292 2186 470 2248; x_wconf 84' lang='lat' dir='ltr'>Sallustium</span> <span class='ocrx_word' id='word_1_161' title='bbox 498 2180 582 2267; x_wconf 87' lang='lat' dir='ltr'>(hist</span> <span class='ocrx_word' id='word_1_162' title='bbox 600 2188 616 2246; x_wconf 94' lang='lat' dir='ltr'>I</span> <span class='ocrx_word' id='word_1_163' title='bbox 637 2180 720 2269; x_wconf 89' lang='lat' dir='ltr'>lM.)</span> <span class='ocrx_word' id='word_1_164' title='bbox 749 2187 971 2248; x_wconf 82' lang='lat' dir='ltr'>considerarent</span> <span class='ocrx_word' id='word_1_165' title='bbox 1000 2187 1128 2245; x_wconf 91' lang='lat' dir='ltr'>liberum</span> <span class='ocrx_word' id='word_1_166' title='bbox 1155 2207 1174 2247; x_wconf 91' lang='lat' dir='ltr'>a</span> 
     </span>
     <span class='ocr_line' id='line_1_21' title="bbox 112 2277 1174 2352; baseline -0.003 -13"><span class='ocrx_word' id='word_1_167' title='bbox 112 2279 273 2339; x_wconf 81' lang='lat' dir='ltr'>roratione</span> <span class='ocrx_word' id='word_1_168' title='bbox 300 2280 462 2337; x_wconf 88' lang='lat' dir='ltr'>metrorum</span> <span class='ocrx_word' id='word_1_169' title='bbox 490 2279 533 2337; x_wconf 87' lang='lat' dir='ltr'>sic</span> <span class='ocrx_word' id='word_1_170' title='bbox 559 2278 717 2337; x_wconf 88' lang='lat' dir='ltr'>historiam</span> <span class='ocrx_word' id='word_1_171' title='bbox 745 2279 888 2352; x_wconf 89' lang='lat' dir='ltr'>coepisse,</span> <span class='ocrx_word' id='word_1_172' title='bbox 915 2278 950 2334; x_wconf 89' lang='lat' dir='ltr'>ut</span> <span class='ocrx_word' id='word_1_173' title='bbox 976 2277 1074 2352; x_wconf 91' lang='lat' dir='ltr'>primo</span> <span class='ocrx_word' id='word_1_174' title='bbox 1100 2296 1174 2352; x_wconf 87' lang='lat' dir='ltr'>rem,</span> 
     </span>
     <span class='ocr_line' id='line_1_22' title="bbox 154 2365 1254 2443; baseline -0.001 -18"><span class='ocrx_word' id='word_1_175' title='bbox 154 2367 263 2426; x_wconf 88' lang='lat' dir='ltr'>dehinc</span> <span class='ocrx_word' id='word_1_176' title='bbox 289 2366 393 2443; x_wconf 91' lang='lat' dir='ltr'>populi</span> <span class='ocrx_word' id='word_1_177' title='bbox 417 2366 545 2425; x_wconf 88' lang='lat' dir='ltr'>Romani</span> <span class='ocrx_word' id='word_1_178' title='bbox 571 2385 730 2443; x_wconf 90' lang='lat' dir='ltr'>personam</span> <span class='ocrx_word' id='word_1_179' title='bbox 752 2369 889 2443; x_wconf 87' lang='lat' dir='ltr'>poneret,</span> <span class='ocrx_word' id='word_1_180' title='bbox 913 2385 1076 2441; x_wconf 86' lang='lat' dir='ltr'>numquam</span> <span class='ocrx_word' id='word_1_181' title='bbox 1100 2365 1173 2425; x_wconf 87' lang='lat' dir='ltr'>Ver·</span> <span class='ocrx_word' id='word_1_182' title='bbox 1252 2400 1254 2405; x_wconf 91' lang='lat'>·</span> 
     </span>
     <span class='ocr_line' id='line_1_23' title="bbox 155 2455 1173 2533; baseline 0 -19"><span class='ocrx_word' id='word_1_183' title='bbox 155 2457 264 2533; x_wconf 80' lang='lat' dir='ltr'>gilium</span> <span class='ocrx_word' id='word_1_184' title='bbox 278 2455 516 2529; x_wconf 87' lang='lat' dir='ltr'>criminarentur,</span> <span class='ocrx_word' id='word_1_185' title='bbox 531 2475 620 2532; x_wconf 91' lang='lat' dir='ltr'>quem</span> <span class='ocrx_word' id='word_1_186' title='bbox 638 2458 757 2515; x_wconf 90' lang='lat' dir='ltr'>constat</span> <span class='ocrx_word' id='word_1_187' title='bbox 775 2458 808 2513; x_wconf 93' lang='lat' dir='ltr'>in</span> <span class='ocrx_word' id='word_1_188' title='bbox 825 2456 1029 2531; x_wconf 88' lang='lat' dir='ltr'>propositione</span> <span class='ocrx_word' id='word_1_189' title='bbox 1047 2455 1173 2514; x_wconf 86' lang='lat' dir='ltr'>liberam</span> 
     </span>
     <span class='ocr_line' id='line_1_24' title="bbox 154 2544 1173 2620; baseline -0.003 -15"><span class='ocrx_word' id='word_1_190' title='bbox 154 2544 315 2605; x_wconf 88' lang='lat' dir='ltr'>ordinandi</span> <span class='ocrx_word' id='word_1_191' title='bbox 329 2544 468 2604; x_wconf 87' lang='lat' dir='ltr'>habuisse</span> <span class='ocrx_word' id='word_1_192' title='bbox 481 2544 645 2618; x_wconf 83' lang='lat' dir='ltr'>licentiam,</span> <span class='ocrx_word' id='word_1_193' title='bbox 659 2544 824 2620; x_wconf 85' lang='lat' dir='ltr'>exequendi</span> <span class='ocrx_word' id='word_1_194' title='bbox 837 2563 907 2603; x_wconf 83' lang='lat' dir='ltr'>vero</span> <span class='ocrx_word' id='word_1_195' title='bbox 927 2545 1020 2603; x_wconf 89' lang='lat' dir='ltr'>alium</span> <span class='ocrx_word' id='word_1_196' title='bbox 1039 2544 1173 2603; x_wconf 88' lang='lat' dir='ltr'>ordinem</span> 
     </span>
     <span class='ocr_line' id='line_1_25' title="bbox 154 2633 1173 2709; baseline -0.002 -16"><span class='ocrx_word' id='word_1_197' title='bbox 154 2633 333 2693; x_wconf 88' lang='lat' dir='ltr'>adhibuisse.</span> <span class='ocrx_word' id='word_1_198' title='bbox 379 2652 451 2692; x_wconf 90' lang='lat' dir='ltr'>nam</span> <span class='ocrx_word' id='word_1_199' title='bbox 469 2634 549 2709; x_wconf 90' lang='lat' dir='ltr'>quod</span> <span class='ocrx_word' id='word_1_200' title='bbox 572 2636 617 2693; x_wconf 92' lang='lat' dir='ltr'>ait</span> <span class='ocrx_word' id='word_1_201' title='bbox 640 2652 728 2707; x_wconf 88' lang='lat' dir='ltr'>cano,</span> <span class='ocrx_word' id='word_1_202' title='bbox 757 2635 844 2709; x_wconf 89' lang='lat' dir='ltr'>quasi</span> <span class='ocrx_word' id='word_1_203' title='bbox 865 2636 927 2693; x_wconf 89' lang='lat' dir='ltr'>iam</span> <span class='ocrx_word' id='word_1_204' title='bbox 950 2634 1081 2693; x_wconf 87' lang='lat' dir='ltr'>carmine</span> <span class='ocrx_word' id='word_1_205' title='bbox 1105 2652 1173 2694; x_wconf 90' lang='lat' dir='ltr'>oon-</span> 
     </span>
     <span class='ocr_line' id='line_1_26' title="bbox 113 2722 1175 2823; baseline -0.002 -40"><span class='ocrx_word' id='word_1_206' title='bbox 113 2744 139 2784; x_wconf 80' lang='grc' dir='ltr'>ιι</span> <span class='ocrx_word' id='word_1_207' title='bbox 153 2723 237 2799; x_wconf 89' lang='lat' dir='ltr'>pleto</span> <span class='ocrx_word' id='word_1_208' title='bbox 270 2723 455 2798; x_wconf 90' lang='lat' dir='ltr'>loqueretur,</span> <span class='ocrx_word' id='word_1_209' title='bbox 487 2722 619 2782; x_wconf 87' lang='lat' dir='ltr'>ostendit</span> <span class='ocrx_word' id='word_1_210' title='bbox 650 2742 686 2781; x_wconf 81' lang='lat' dir='ltr'>ex</span> <span class='ocrx_word' id='word_1_211' title='bbox 719 2726 822 2798; x_wconf 89' lang='lat' dir='ltr'>aperto</span> <span class='ocrx_word' id='word_1_212' title='bbox 854 2723 956 2781; x_wconf 89' lang='lat' dir='ltr'>thema</span> <span class='ocrx_word' id='word_1_213' title='bbox 984 2741 1061 2795; x_wconf 91' lang='lat' dir='ltr'>esse,</span> <span class='ocrx_word' id='word_1_214' title='bbox 1093 2723 1175 2823; x_wconf 82' lang='lat' dir='ltr'>quod</span> 
     </span>
     <span class='ocr_line' id='line_1_27' title="bbox 155 2812 1173 2889; baseline -0.001 -18"><span class='ocrx_word' id='word_1_215' title='bbox 155 2813 278 2889; x_wconf 90' lang='lat' dir='ltr'>plenum</span> <span class='ocrx_word' id='word_1_216' title='bbox 311 2814 402 2887; x_wconf 87' lang='lat' dir='ltr'>atque</span> <span class='ocrx_word' id='word_1_217' title='bbox 434 2813 598 2887; x_wconf 87' lang='lat' dir='ltr'>perfectum</span> <span class='ocrx_word' id='word_1_218' title='bbox 630 2812 751 2871; x_wconf 85' lang='lat' dir='ltr'>futurae</span> <span class='ocrx_word' id='word_1_219' title='bbox 783 2813 996 2888; x_wconf 88' lang='lat' dir='ltr'>conscriptioni</span> <span class='ocrx_word' id='word_1_220' title='bbox 1033 2812 1173 2871; x_wconf 90' lang='lat' dir='ltr'>carminis</span> 
     </span>
     <span class='ocr_line' id='line_1_28' title="bbox 154 2903 1173 2978; baseline 0.001 -18"><span class='ocrx_word' id='word_1_221' title='bbox 154 2904 396 2978; x_wconf 84' lang='lat' dir='ltr'>praeparaverat.</span> <span class='ocrx_word' id='word_1_222' title='bbox 452 2919 526 2961; x_wconf 87' lang='lat' dir='ltr'>cano</span> <span class='ocrx_word' id='word_1_223' title='bbox 564 2903 609 2961; x_wconf 90' lang='lat' dir='ltr'>bis</span> <span class='ocrx_word' id='word_1_224' title='bbox 647 2904 807 2977; x_wconf 86' lang='lat' dir='ltr'>accipitur,</span> <span class='ocrx_word' id='word_1_225' title='bbox 853 2920 926 2961; x_wconf 89' lang='lat' dir='ltr'>cano</span> <span class='ocrx_word' id='word_1_226' title='bbox 965 2920 1061 2975; x_wconf 84' lang='lat' dir='ltr'>arma,</span> <span class='ocrx_word' id='word_1_227' title='bbox 1099 2919 1173 2961; x_wconf 89' lang='lat' dir='ltr'>cano</span> 
     </span>
     <span class='ocr_line' id='line_1_29' title="bbox 153 2990 1174 3067; baseline -0.001 -18"><span class='ocrx_word' id='word_1_228' title='bbox 153 2992 268 3064; x_wconf 82' lang='lat' dir='ltr'>virum,</span> <span class='ocrx_word' id='word_1_229' title='bbox 296 2991 347 3049; x_wconf 93' lang='lat' dir='ltr'>sed</span> <span class='ocrx_word' id='word_1_230' title='bbox 375 3008 525 3048; x_wconf 89' lang='lat' dir='ltr'>armorum</span> <span class='ocrx_word' id='word_1_231' title='bbox 548 2990 778 3067; x_wconf 89' lang='lat' dir='ltr'>descriptionem</span> <span class='ocrx_word' id='word_1_232' title='bbox 800 2992 897 3066; x_wconf 90' lang='lat' dir='ltr'>primo</span> <span class='ocrx_word' id='word_1_233' title='bbox 920 2990 1106 3067; x_wconf 89' lang='lat' dir='ltr'>propositam</span> <span class='ocrx_word' id='word_1_234' title='bbox 1129 3008 1174 3048; x_wconf 89' lang='lat' dir='ltr'>se·</span> 
     </span>
     <span class='ocr_line' id='line_1_30' title="bbox 155 3078 1173 3157; baseline -0.002 -19"><span class='ocrx_word' id='word_1_235' title='bbox 155 3080 261 3155; x_wconf 90' lang='lat' dir='ltr'>quenti</span> <span class='ocrx_word' id='word_1_236' title='bbox 284 3078 482 3155; x_wconf 84' lang='lat' dir='ltr'>disputationi</span> <span class='ocrx_word' id='word_1_237' title='bbox 504 3082 637 3139; x_wconf 85' lang='lat' dir='ltr'>servavit</span> <span class='ocrx_word' id='word_1_238' title='bbox 659 3083 690 3139; x_wconf 92' lang='lat' dir='ltr'>et</span> <span class='ocrx_word' id='word_1_239' title='bbox 713 3081 812 3155; x_wconf 90' lang='lat' dir='ltr'>coepit</span> <span class='ocrx_word' id='word_1_240' title='bbox 835 3099 854 3139; x_wconf 92' lang='lat' dir='ltr'>a</span> <span class='ocrx_word' id='word_1_241' title='bbox 876 3080 967 3157; x_wconf 84' lang='lat' dir='ltr'>gestis</span> <span class='ocrx_word' id='word_1_242' title='bbox 991 3080 1050 3137; x_wconf 87' lang='lat' dir='ltr'>viri</span> <span class='ocrx_word' id='word_1_243' title='bbox 1069 3078 1173 3137; x_wconf 90' lang='lat' dir='ltr'>adiun-</span> 
     </span>
    </p>
   </div>
   <div class='ocr_carea' id='block_1_4' title="bbox 154 3229 1260 3783">
    <p class='ocr_par' dir='ltr' id='par_1_6' title="bbox 154 3229 1173 3513">
     <span class='ocr_line' id='line_1_31' title="bbox 227 3229 1136 3301; baseline -0.001 -19"><span class='ocrx_word' id='word_1_244' title='bbox 227 3235 306 3282; x_wconf 80' lang='lat'>3-4</span> <span class='ocrx_word' id='word_1_245' title='bbox 321 3248 391 3299; x_wconf 81' lang='lat' dir='ltr'>quae</span> <span class='ocrx_word' id='word_1_246' title='bbox 405 3231 536 3285; x_wconf 76' lang='lat' dir='ltr'>vitandae</span> <span class='ocrx_word' id='word_1_247' title='bbox 551 3231 573 3284; x_wconf 87' lang='lat' dir='ltr'>L</span> <span class='ocrx_word' id='word_1_248' title='bbox 588 3249 657 3301; x_wconf 82' lang='lat' dir='ltr'>quae</span> <span class='ocrx_word' id='word_1_249' title='bbox 671 3233 735 3285; x_wconf 84' lang='lat' dir='ltr'>ecit·</span> <span class='ocrx_word' id='word_1_250' title='bbox 751 3232 783 3285; x_wconf 87' lang='lat' dir='ltr'>R.</span> <span class='ocrx_word' id='word_1_251' title='bbox 835 3237 851 3286; x_wconf 80' lang='lat' dir='ltr'>t</span> <span class='ocrx_word' id='word_1_252' title='bbox 870 3231 1079 3300; x_wconf 74' lang='lat' dir='ltr'>interpretemur</span> <span class='ocrx_word' id='word_1_253' title='bbox 1093 3229 1136 3282; x_wconf 89' lang='lat' dir='ltr'>cd.</span> 
     </span>
     <span class='ocr_line' id='line_1_32' title="bbox 155 3301 1136 3369; baseline -0.001 -15"><span class='ocrx_word' id='word_1_254' title='bbox 155 3301 294 3356; x_wconf 68' lang='lat' dir='ltr'>adiuuit</span> <span class='ocrx_word' id='word_1_255' title='bbox 311 3302 354 3355; x_wconf 90' lang='lat' dir='ltr'>ed.</span> <span class='ocrx_word' id='word_1_256' title='bbox 430 3307 461 3355; x_wconf 94' lang='lat'>11</span> <span class='ocrx_word' id='word_1_257' title='bbox 481 3308 507 3357; x_wconf 87' lang='lat' dir='ltr'>et</span> <span class='ocrx_word' id='word_1_258' title='bbox 524 3304 614 3357; x_wconf 80' lang='lat' dir='ltr'>cirum</span> <span class='ocrx_word' id='word_1_259' title='bbox 632 3302 686 3356; x_wconf 86' lang='lat' dir='ltr'>LR</span> <span class='ocrx_word' id='word_1_260' title='bbox 704 3310 730 3357; x_wconf 88' lang='lat' dir='ltr'>et</span> <span class='ocrx_word' id='word_1_261' title='bbox 747 3320 800 3357; x_wconf 93' lang='lat' dir='ltr'>om.</span> <span class='ocrx_word' id='word_1_262' title='bbox 820 3302 864 3355; x_wconf 89' lang='lat' dir='ltr'>ed.</span> <span class='ocrx_word' id='word_1_263' title='bbox 931 3306 964 3354; x_wconf 88' lang='lat'>13</span> <span class='ocrx_word' id='word_1_264' title='bbox 982 3301 1074 3369; x_wconf 79' lang='lat' dir='ltr'>potuit</span> <span class='ocrx_word' id='word_1_265' title='bbox 1092 3301 1136 3354; x_wconf 90' lang='lat' dir='ltr'>ed.</span> 
     </span>
     <span class='ocr_line' id='line_1_33' title="bbox 156 3372 1173 3438; baseline -0.001 -12"><span class='ocrx_word' id='word_1_266' title='bbox 156 3378 191 3426; x_wconf 86' lang='lat'>14</span> <span class='ocrx_word' id='word_1_267' title='bbox 210 3389 264 3427; x_wconf 85' lang='lat' dir='ltr'>esee</span> <span class='ocrx_word' id='word_1_268' title='bbox 281 3374 410 3428; x_wconf 81' lang='lat' dir='ltr'>meruerit</span> <span class='ocrx_word' id='word_1_269' title='bbox 428 3373 479 3427; x_wconf 72' lang='lat' dir='ltr'>aa</span> <span class='ocrx_word' id='word_1_270' title='bbox 497 3391 518 3427; x_wconf 88' lang='lat' dir='ltr'>e.</span> <span class='ocrx_word' id='word_1_271' title='bbox 538 3374 661 3428; x_wconf 80' lang='lat' dir='ltr'>debuerit</span> <span class='ocrx_word' id='word_1_272' title='bbox 678 3376 720 3429; x_wconf 84' lang='lat' dir='ltr'>eet</span> <span class='ocrx_word' id='word_1_273' title='bbox 737 3392 772 3428; x_wconf 84' lang='lat' dir='ltr'>m.</span> <span class='ocrx_word' id='word_1_274' title='bbox 792 3374 835 3428; x_wconf 88' lang='lat' dir='ltr'>ed.</span> <span class='ocrx_word' id='word_1_275' title='bbox 928 3377 961 3425; x_wconf 76' lang='lat'>15</span> <span class='ocrx_word' id='word_1_276' title='bbox 980 3372 1173 3438; x_wconf 76' lang='lat' dir='ltr'>factionem—</span> 
     </span>
     <span class='ocr_line' id='line_1_34' title="bbox 154 3442 1172 3513; baseline -0.002 -14"><span class='ocrx_word' id='word_1_277' title='bbox 154 3446 326 3513; x_wconf 75' lang='lat' dir='ltr'>superaverit</span> <span class='ocrx_word' id='word_1_278' title='bbox 352 3448 466 3499; x_wconf 88' lang='lat' dir='ltr'>temere</span> <span class='ocrx_word' id='word_1_279' title='bbox 497 3448 567 3499; x_wconf 89' lang='lat' dir='ltr'>mut.</span> <span class='ocrx_word' id='word_1_280' title='bbox 601 3445 658 3498; x_wconf 70' lang='lat' dir='ltr'>cdl*</span> <span class='ocrx_word' id='word_1_281' title='bbox 686 3443 1003 3512; x_wconf 76' lang='lat' dir='ltr'>ciram—superacerit</span> <span class='ocrx_word' id='word_1_282' title='bbox 1034 3460 1088 3497; x_wconf 93' lang='lat' dir='ltr'>om.</span> <span class='ocrx_word' id='word_1_283' title='bbox 1115 3442 1172 3497; x_wconf 77' lang='lat' dir='ltr'>edi,</span> 
     </span>
    </p>

    <p class='ocr_par' dir='ltr' id='par_1_7' title="bbox 156 3514 1181 3642">
     <span class='ocr_line' id='line_1_35' title="bbox 211 3514 1135 3585; baseline -0.003 -17"><span class='ocrx_word' id='word_1_284' title='bbox 211 3521 243 3569; x_wconf 84' lang='lat'>16</span> <span class='ocrx_word' id='word_1_285' title='bbox 270 3516 440 3570; x_wconf 70' lang='lat' dir='ltr'>ciram-1⁵1</span> <span class='ocrx_word' id='word_1_286' title='bbox 465 3518 648 3570; x_wconf 79' lang='lat' dir='ltr'>transmiserit</span> <span class='ocrx_word' id='word_1_287' title='bbox 670 3519 735 3585; x_wconf 87' lang='lat' dir='ltr'>post</span> <span class='ocrx_word' id='word_1_288' title='bbox 757 3516 886 3571; x_wconf 69' lang='lat' dir='ltr'>emnerii</span> <span class='ocrx_word' id='word_1_289' title='bbox 910 3517 1048 3584; x_wconf 68' lang='lat' dir='ltr'>menapos.</span> <span class='ocrx_word' id='word_1_290' title='bbox 1069 3514 1135 3568; x_wconf 81' lang='lat' dir='ltr'>edF.</span> 
     </span>
     <span class='ocr_line' id='line_1_36' title="bbox 156 3584 1181 3642; baseline -0.002 -3"><span class='ocrx_word' id='word_1_291' title='bbox 156 3590 262 3640; x_wconf 73' lang='lat'>19-20</span> <span class='ocrx_word' id='word_1_292' title='bbox 286 3604 304 3640; x_wconf 84' lang='lat' dir='ltr'>a</span> <span class='ocrx_word' id='word_1_293' title='bbox 325 3589 433 3642; x_wconf 80' lang='lat' dir='ltr'>ratione</span> <span class='ocrx_word' id='word_1_294' title='bbox 452 3588 477 3640; x_wconf 86' lang='lat' dir='ltr'><strong>R</strong></span> <span class='ocrx_word' id='word_1_295' title='bbox 499 3588 622 3641; x_wconf 76' lang='lat' dir='ltr'>oratiam</span> <span class='ocrx_word' id='word_1_296' title='bbox 640 3587 670 3640; x_wconf 88' lang='lat' dir='ltr'>L.</span> <span class='ocrx_word' id='word_1_297' title='bbox 762 3593 795 3641; x_wconf 77' lang='lat'>21</span> <span class='ocrx_word' id='word_1_298' title='bbox 820 3586 916 3640; x_wconf 68' lang='lat' dir='ltr'>detritu</span> <span class='ocrx_word' id='word_1_299' title='bbox 934 3584 987 3637; x_wconf 87' lang='lat' dir='ltr'>LR</span> <span class='ocrx_word' id='word_1_300' title='bbox 1011 3586 1113 3641; x_wconf 79' lang='lat' dir='ltr'>deiude</span> <span class='ocrx_word' id='word_1_301' title='bbox 1129 3586 1181 3638; x_wconf 72' lang='lat' dir='ltr'>ed,</span> 
     </span>
    </p>

    <p class='ocr_par' dir='ltr' id='par_1_8' title="bbox 154 3658 1260 3783">
     <span class='ocr_line' id='line_1_37' title="bbox 210 3658 1199 3717; baseline -0.006 -6"><span class='ocrx_word' id='word_1_302' title='bbox 210 3663 244 3711; x_wconf 76' lang='lat'>24</span> <span class='ocrx_word' id='word_1_303' title='bbox 262 3659 390 3713; x_wconf 64' lang='lat' dir='ltr'>minuce</span> <span class='ocrx_word' id='word_1_304' title='bbox 408 3658 460 3711; x_wconf 87' lang='lat' dir='ltr'>LR</span> <span class='ocrx_word' id='word_1_305' title='bbox 479 3658 528 3712; x_wconf 87' lang='lat' dir='ltr'>cdl</span> <span class='ocrx_word' id='word_1_306' title='bbox 545 3659 664 3715; x_wconf 70' lang='lat' dir='ltr'>reperisse</span> <span class='ocrx_word' id='word_1_307' title='bbox 683 3658 742 3715; x_wconf 72' lang='lat' dir='ltr'>edi*</span> <span class='ocrx_word' id='word_1_308' title='bbox 767 3659 930 3717; x_wconf 79' lang='lat' dir='ltr'>adhibuisse</span> <span class='ocrx_word' id='word_1_309' title='bbox 946 3673 1015 3711; x_wconf 78' lang='lat' dir='ltr'>noe.</span> <span class='ocrx_word' id='word_1_310' title='bbox 1078 3660 1120 3707; x_wconf 67' lang='lat' dir='ltr'>‘aa</span> <span class='ocrx_word' id='word_1_311' title='bbox 1139 3670 1199 3707; x_wconf 75' lang='lat' dir='ltr'>ser-</span> 
     </span>
     <span class='ocr_line' id='line_1_38' title="bbox 154 3728 1260 3783; baseline 0 -2"><span class='ocrx_word' id='word_1_312' title='bbox 154 3728 296 3781; x_wconf 74' lang='lat' dir='ltr'>vabe&#39;tLR</span> <span class='ocrx_word' id='word_1_313' title='bbox 313 3746 379 3781; x_wconf 81' lang='lat' dir='ltr'>corr.</span> <span class='ocrx_word' id='word_1_314' title='bbox 400 3748 416 3781; x_wconf 88' lang='lat' dir='ltr'>r</span> <span class='ocrx_word' id='word_1_315' title='bbox 432 3730 475 3783; x_wconf 87' lang='lat' dir='ltr'>ed.</span> <span class='ocrx_word' id='word_1_316' title='bbox 555 3763 557 3767; x_wconf 93' lang='lat'>-</span> <span class='ocrx_word' id='word_1_317' title='bbox 1256 3763 1260 3767; x_wconf 93' lang='lat'>-</span> 
     </span>
    </p>
   </div>
   <div class='ocr_carea' id='block_1_5' title="bbox 0 0 1372 4159">
    <p class='ocr_par' dir='ltr' id='par_1_9' title="bbox 0 0 1372 4159">
     <span class='ocr_line' id='line_1_39' title="bbox 0 0 1372 4159; baseline 0 0"><span class='ocrx_word' id='word_1_318' title='bbox 0 0 1372 4159; x_wconf 95' lang='lat' dir='ltr'> </span> 
     </span>
    </p>
   </div>
  </div>
 </body>
</html>
