2734 4159
176 334 223 388 XL
579 334 787 389 PRAEFATIO

177 504 295 561 circiter
318 505 397 576 440,
420 521 499 578 quae
522 521 582 561 non
605 504 770 580 supplevit,
799 503 946 578 quaedam
969 502 1033 578 ipse
1056 501 1195 578 deliquit.

176 592 250 650 haec
272 594 359 651 tanta
381 591 554 665 multitudo,
575 592 716 667 quoniam
733 589 827 651 HOU
849 592 938 669 longe
954 589 1098 667 plurimis
1121 591 1196 651 locis

175 683 327 759 integrum
354 682 469 739 textum
496 681 652 756 praebent,
684 681 750 740 fieri
777 700 838 741 non
865 683 964 756 potest
993 684 1031 739 ut
1062 680 1195 739 eiusdem

176 770 310 829 familiae
342 768 449 844 codici,
479 769 619 829 editionis
651 768 860 847 „archetypo“,
891 770 1066 845 imputetur.
1114 770 1195 845 quod

177 861 277 918 autern
309 860 454 935 quattuor
485 859 558 919 locis
589 860 681 935 primi
712 860 782 917 libri
814 878 841 917 v.
863 863 890 917 1.
920 859 993 917 214.
1023 860 1095 918 310.
1127 860 1193 917 474

177 949 286 1007 omisso
305 967 323 1005 a
342 948 447 1007 Flavio
461 947 615 1009 Fabricius
635 949 774 1024 suppleta
792 947 892 1022 habet,
911 948 999 1007 facile
1018 947 1195 1023 explicatur,

178 1039 206 1096 si
224 1056 259 1095 ea
278 1038 309 1095 in
328 1037 490 1112 exemplari
509 1038 588 1113 quod
606 1037 735 1113 Neapoli
753 1038 874 1113 paravit
891 1037 924 1095 in
942 1037 1077 1113 margine
1096 1056 1194 1095 emen-

177 1126 248 1184 data
271 1127 362 1186 fuisse
385 1129 480 1201 putes.
513 1126 651 1186 breviora
670 1146 746 1202 quae
765 1126 813 1185 vel
831 1125 953 1185 Flavius
972 1126 1021 1184 vel
1039 1125 1194 1184 Fabricius

177 1217 279 1274 omisit
301 1215 531 1273 innumerabilia
555 1215 672 1274 dixeris.
718 1216 797 1274 inter
820 1216 931 1274 omissa
953 1215 1052 1274 locum
1076 1234 1196 1290 quoque

178 1304 315 1363 Sallustii
338 1304 518 1380 deprehendi
540 1308 567 1377 9,
583 1306 657 1378 225,
675 1304 797 1363 mallem
815 1303 1009 1362 historiarum
1028 1322 1119 1379 quam
1138 1302 1195 1362 Ca·

179 1394 290 1451 tilinae.
337 1392 542 1451 additamenta
570 1392 711 1452 editionis
739 1393 883 1469 principis
910 1392 1006 1452 tribus
1030 1392 1196 1451 111111111-

176 1482 285 1541 bricius
312 1487 339 1555 1,
355 1483 441 1540 346⁸.
467 1484 496 1557 2,
511 1484 584 1542 429.
612 1486 663 1555 19,
680 1484 752 1540 101.
800 1499 992 1557 quaecunque
1013 1481 1103 1555 idern,
1127 1500 1196 1540 oum

176 1571 208 1629 in
236 1572 367 1630 editione
391 1571 592 1647 Neapolitana
620 1575 673 1631 aut
702 1590 775 1631 sana
802 1577 902 1630 essent
929 1572 982 1629 aut
1008 1571 1132 1646 propius
1156 1569 1194 1628 ad

177 1679 280 1719 verum
308 1660 509 1735 adspirarent,
536 1661 584 1719 vel
606 1660 822 1719 transcribendi
846 1660 1035 1739 neglegentia
1058 1660 1107 1718 vel
1129 1679 1195 1718 mu-

176 1748 262 1807 tandi
288 1748 458 1808 temeritate
486 1749 533 1808 vel
562 1744 721 1808 omittendi
748 1749 864 1807 incuria
890 1749 1024 1824 corrupit
1045 1749 1077 1805 in
1100 1767 1194 1824 appa-

176 1841 245 1897 ratu
264 1838 377 1896 notavi.
412 1838 547 1897 videmus
567 1857 643 1915 ergo
661 1858 751 1913 quarn
770 1857 839 1897 vere
857 1838 973 1898 Hiobus
991 1836 1195 1915 Madeburgus

177 1927 414 2003 Annebergensis
425 1920 496 2007 (sic)
506 1926 638 1987 Fabricii
651 1928 810 1986 familiaris
825 1927 856 1984 in
871 1929 1086 2005 epigrammate
1101 1926 1192 1986 titulo

177 2016 316 2076 editionis
335 2016 530 2076 Fabricianae
549 2017 663 2091 primae
686 2018 798 2076 inserto
821 2015 943 2076 mendas
967 2035 1031 2075 earn
1056 2034 1117 2074 non
1139 2015 1192 2074 ha-

176 2105 245 2163 bere
273 2111 471 2182 praeconatus
498 2105 547 2165 sit.
592 2106 756 2165 rectissime
780 2105 841 2163 iam
864 2125 891 2164 v.
911 2105 938 2163 d.
958 2105 1081 2163 Hoeven
1108 2105 1193 2163 nullo

176 2195 234 2253 nisi
253 2195 442 2253 Harlemensi
461 2195 560 2254 codice
580 2196 689 2253 collato
705 2193 840 2268 „habet“,
854 2195 961 2268 inquit,
976 2192 1191 2268 „innumeras“.

177 2282 315 2357 equidem
338 2303 443 2343 vereor
466 2303 502 2342 ne
525 2283 601 2342 nulli
624 2285 804 2357 scriptorum
832 2284 1023 2357 antiquorum
1047 2301 1065 2340 a
1087 2282 1193 2358 primis

177 2372 340 2431 editoribus
372 2375 435 2431 tarn
468 2374 546 2432 male
579 2373 748 2432 consultum
781 2372 828 2432 sit.
879 2391 962 2446 nam,
994 2373 1030 2431 ut
1060 2374 1192 2447 praeter-

177 2463 297 2519 mittam
329 2465 408 2520 recte
442 2462 590 2520 scribendi
625 2462 772 2521 rationem
810 2460 981 2535 similiaque
1018 2462 1132 2519 leviora
1164 2465 1195 2520 et

177 2550 363 2624 frequentem
400 2550 601 2610 distinctionis
642 2552 885 2626 perversitatem,
926 2549 1023 2610 decies
1065 2550 1194 2625 amplius

176 2637 259 2697 mille
286 2639 360 2698 locis
388 2640 528 2698 editionis
555 2641 645 2699 lectio
673 2640 852 2720 corrigenda
879 2639 944 2699 fuit.
992 2639 1139 2714 quaedam
1162 2641 1194 2697 in

178 2727 358 2786 editionibus
387 2746 462 2804 quae
491 2729 577 2787 annis
602 2730 698 2802 1561,
724 2731 818 2804 1675,
844 2730 928 2788 1586
959 2748 993 2787 ex
1016 2730 1114 2805 prima
1136 2728 1194 2787 Fa-

177 2816 312 2875 briciana
334 2819 479 2892 repetitae
503 2821 574 2875 sunt
597 2818 753 2877 emendata
775 2820 920 2892 invenias,
940 2818 991 2877 sed
1009 2836 1106 2893 pauca
1124 2821 1196 2877 sunt

178 2910 208 2964 et
239 2924 334 2964 novae
365 2924 467 2965 rursus
499 2906 623 2965 mendae
656 2909 847 2982 irrepserunt.
893 2907 973 2965 idem
1000 2907 1036 2965 de
1063 2905 1195 2966 editione

178 2994 337 3054 dicendum
369 3015 458 3070 quarn
490 2994 599 3055 Lucius
631 2997 811 3056 Basileensis
845 3014 922 3056 anno
957 2996 1042 3054 1613
1075 2998 1195 3053 curavit

178 3103 244 3143 cum
273 3084 340 3143 aliis
368 3086 451 3142 vitiis
479 3087 544 3141 tum
566 3085 702 3160 pluribus
725 3086 842 3145 omissis
865 3087 977 3143 notata.
1023 3085 1195 3157 posthunc

177 3193 263 3232 nemo
293 3174 444 3231 Donatum
472 3173 567 3232 edidit
594 3193 653 3232 non
682 3177 744 3232 sine
775 3193 842 3233 mea
873 3172 1088 3251 gratulatione,
1122 3175 1194 3249 quia

178 3281 245 3321 cum
269 3263 395 3321 aliorum
419 3264 575 3321 sententiis
599 3263 672 3320 mihi
695 3281 753 3321 non
778 3261 1006 3321 conflictandum
1031 3262 1096 3319 fuit.

245 3351 290 3409 De
310 3370 377 3410 mea
396 3351 526 3410 editione
544 3351 617 3410 haec
636 3351 731 3410 habeo
752 3371 828 3428 quae
846 3349 1011 3427 praefanda
1025 3355 1135 3425 putem.
1152 3384 1193 3391 —

177 3440 464 3516 Interpretationum
494 3443 609 3499 textum
636 3440 831 3500 Laurentiani
859 3442 889 3498 et
912 3439 1051 3497 Vaticani
1080 3444 1110 3498 et
1138 3441 1193 3498 Re-

179 3530 311 3607 ginensis
331 3532 510 3590 auctoritate
529 3530 770 3589 constituendum
788 3530 879 3588 fuisse
899 3548 934 3586 ex
952 3528 989 3586 iis
1009 3548 1085 3604 quae
1104 3547 1194 3604 supra

167 3622 297 3689 exposui
323 3620 400 3678 satis
430 3621 564 3697 apparet.
610 3621 642 3678 in
675 3620 812 3683 lectionis
844 3619 990 3676 varietate
1023 3618 1194 3676 adnotanda

148 3699 300 3763 dilectum
329 3708 443 3786 habui5
475 3730 549 3773 narn
575 3712 602 3773 si
626 3728 747 3773 omnem
769 3708 960 3784 recepissem,
985 3709 1017 3765 et
1042 3706 1193 3764 infinitum
