2734 4159
553 357 737 414 nummos
755 358 794 413 m
1121 358 1186 425 299
1271 428 1274 434 ,

164 528 279 589 habeat
301 528 472 603 deprecatio
494 528 670 602 utilitatem,
693 528 770 587 dixit
792 530 934 588 insontis:
958 529 1031 604 quid
1053 530 1185 605 iniquius

166 637 260 693 qnam
291 619 431 693 persequi
462 618 537 677 bene
569 619 699 677 viventis
727 621 759 677 et
786 636 836 677 eas
865 636 940 694 quaa
968 618 1043 676 nihil
1071 619 1185 694 priores

164 706 288 765 incivile
306 710 511 783 temptassent,
530 726 607 783 quae
624 708 781 783 proprium
799 710 904 767 contra
921 708 1184 783 inprosperitatem

165 796 325 855 defendere
347 794 509 871 cuperent?
532 796 649 856 addidit
667 800 695 855 et
706 798 808 870 patrio
825 798 967 870 harpyias
984 798 1109 855 insontia
1121 798 1185 870 pel·

137 887 226 946 clerc
249 885 358 959 rcpno?
402 885 475 944 haec
498 885 632 946 definitio
655 886 781 945 admissi
804 887 862 961 ast,
885 886 999 944 factum
1022 886 1102 943 enim
1125 905 1185 945 non

165 975 227 1060 fuit
249 973 329 1050 quod
352 974 470 1048 obiecit,
489 975 541 1034 sed
561 974 729 1035 definiendo
749 975 822 1051 quid
840 975 954 1033 factum
972 976 1013 1034 sit
1030 992 1085 1050 pro
1103 975 1184 1034 facto

163 1065 249 1122 tenet
276 1063 356 1139 quod
383 1063 482 1122 fuerat
507 1066 681 1142 cogitatum.
730 1064 802 1139 quid
825 1067 870 1123 est
893 1066 973 1122 enim
997 1067 1131 1123 armenta
1155 1066 1186 1124 et

164 1170 272 1230 greges
299 1152 453 1227 invadere,
486 1152 559 1229 quid
587 1172 704 1212 armare
731 1153 918 1213 iuventutem
946 1154 1006 1212 nisi
1033 1152 1184 1231 gradatim

165 1242 205 1301 ad
227 1241 259 1300 id
281 1242 416 1317 tendere,
443 1245 479 1301 ut
501 1242 651 1318 eriperent
673 1242 806 1302 alienum
829 1243 989 1319 imperium
1018 1261 1078 1301 non
1105 1242 1184 1302 male

137 1332 350 1406 aquaesitum,
377 1331 430 1389 sed
456 1331 596 1390 relictum
623 1330 860 1406 aparentibus?
906 1331 989 1408 quod
1012 1333 1112 1389 eutem
1135 1330 1184 1390 de-

164 1423 243 1479 esset
270 1420 351 1479 ultor
378 1419 514 1494 admissi,
542 1423 609 1496 ipsa
635 1440 690 1496 pro
718 1422 833 1480 ultione
860 1422 972 1499 ingerit
1001 1420 1080 1496 quod
1108 1423 1185 1480 esset

162 1510 317 1585 praesenti
352 1526 449 1584 poena
485 1510 703 1587 gravissimum.
757 1510 831 1586 quid
863 1510 943 1569 enim
975 1513 1021 1569 est
1052 1511 1183 1569 instante

163 1597 313 1673 supplicio
335 1598 422 1673 peius
445 1618 536 1674 quam
559 1598 612 1657 diu
635 1601 790 1675 expectare
819 1599 898 1675 quod
926 1596 1065 1658 metuas?
1111 1598 1184 1676 quid

163 1688 282 1747 saevius
314 1687 479 1763 duriusque
510 1688 667 1747 tormentis
700 1708 791 1765 quam
823 1708 925 1768 gerere
955 1692 1075 1765 pectore
1104 1687 1184 1765 quod

137 1778 300 1838 sanimum
327 1776 470 1835 diuturna
498 1778 705 1853 expectatione
731 1780 873 1855 torqueat
900 1781 930 1837 et
958 1796 1044 1838 omne
1077 1796 1183 1853 corpus

164 1863 311 1943 adfligat?
347 1868 466 1940 accipite
488 1883 554 1939 erpo
577 1870 688 1926 animis
710 1870 796 1940 atque
812 1868 883 1926 boec
900 1886 966 1926 mea
984 1869 1064 1940 fipite
1082 1868 1237 1925 arnasano

163 1956 302 2030 accipite,
320 1954 428 2031 inquit,
447 1955 527 2031 quod
549 1960 664 2015 mentes
687 1960 802 2016 vestras
821 1956 947 2035 adfligat
965 1958 1056 2031 atque
1076 1955 1183 2014 animis

163 2044 237 2103 haec
265 2063 331 2103 mea
359 2044 439 2103 diota
464 2044 560 2123 figite,
586 2046 642 2104 boc
665 2047 711 2104 ast
735 2065 811 2121 quae
834 2045 925 2105 infixa
948 2065 1002 2106 vos
1025 2045 1184 2104 vulnerent

163 2137 195 2193 at
218 2133 385 2192 excruciant
408 2136 608 2209 conpetenter.
649 2153 754 2193 verum
772 2154 809 2193 ne
827 2136 860 2193 in
879 2137 1082 2210 contemptum
1101 2134 1182 2193 veni·

137 2224 232 2290 irent
254 2241 331 2297 quae
354 2223 454 2281 fuerat
477 2222 603 2297 dictura,
622 2223 675 2282 dat
693 2224 755 2283 illis
780 2224 990 2284 auctoritatem
1013 2224 1183 2282 venientem

162 2311 259 2370 veluti
283 2329 318 2368 ex
341 2315 502 2387 praecepto
521 2312 601 2372 Iovis
625 2315 656 2371 et
673 2312 825 2388 Apollinis
848 2314 939 2387 iussu,
960 2312 1039 2387 quod
1062 2331 1097 2370 eo
1121 2331 1182 2370 cre·

162 2399 255 2459 dibile
277 2399 374 2459 videri
396 2401 535 2461 Troianis
558 2404 671 2477 potuit,
696 2404 780 2477 quia,
807 2422 872 2460 cum
896 2421 1013 2461 rursum
1038 2402 1182 2479 navigare

161 2490 202 2548 ad
224 2489 375 2565 Apollinis
399 2492 553 2550 oraculum
575 2492 701 2565 vellent,
729 2491 786 2551 diis
809 2490 968 2566 penatibus
994 2491 1108 2550 nuntiis
1135 2491 1181 2548 fu-

160 2582 232 2638 tura
259 2578 436 2638 didicerunt.
482 2581 526 2639 ait
550 2598 619 2657 ergo
645 2598 721 2653 qnae
742 2581 855 2639 Pboebo
877 2584 967 2653 pater
993 2581 1181 2653 ommipotens,

137 2669 235 2729 smn'ba'
256 2668 388 2727 Panem
410 2667 516 2742 Apollo
534 2668 701 2742 praedixit:
728 2668 878 2744 praedixit
900 2668 945 2728 bis
969 2668 1125 2746 accipitur,
1148 2673 1183 2727 ut

161 2759 204 2816 sit
227 2774 303 2831 quae
323 2756 442 2815 Phoebo
462 2761 548 2833 pater
566 2760 755 2832 omnipotens
773 2758 931 2833 praedixit,
949 2758 1025 2816 mibi
1043 2757 1181 2818 Phoebus

160 2845 273 2921 Apollo
295 2845 452 2920 praedixit.
490 2849 571 2905 robis
592 2848 744 2921 fnrmrnm
764 2863 813 2921 epo
831 2850 963 2906 manime
980 2848 1099 2920 pando:
1122 2867 1182 2906 non

159 2968 377 2975 ——ffl—

236 3039 250 3086 1
274 3033 427 3116 deprecatio
451 3034 503 3086 LR
526 3036 685 3117 depredatio
708 3052 722 3086 r
744 3033 824 3117 (hoc.
832 3034 972 3102 quomodo
996 3034 1183 3104 intellegatr

159 3122 218 3158 non
241 3103 336 3171 video,
359 3104 415 3158 nisi
438 3105 511 3159 forte
534 3108 667 3160 minorem
690 3121 741 3174 pro
765 3107 896 3161 maiorem
920 3105 1058 3176 corrigere
1078 3105 1182 3173 omisit,

159 3192 228 3229 nam
251 3181 302 3229 ant
323 3193 379 3230 non
402 3176 535 3231 mutavit:
569 3177 740 3246 quodsia
696 3181 740 3230 sta
741 3180 806 3231 tuas
830 3193 894 3230 eum
917 3177 1039 3231 voluisse
1062 3195 1124 3231 cnm
1146 3180 1184 3233 ar't

158 3266 195 3302 m
214 3264 243 3299 n.
263 3252 314 3300 ant
335 3250 466 3303 minorem
488 3250 514 3302 b
534 3249 711 3318 depraedatio
734 3250 808 3314 atil,
833 3248 940 3317 optime
963 3265 993 3302 se
1017 3248 1122 3317 hebet.)

161 3326 194 3371 12
214 3319 407 3389 proclamem
419 3318 473 3372 th
487 3320 543 3373 ed:
564 3320 698 3388 quoniam
714 3324 755 3385 11,
766 3324 819 3373 204
837 3320 1025 3388 superlativus
1045 3323 1181 3387 sequente

156 3395 283 3458 ,‚quam“
302 3389 420 3459 legitur,
443 3408 478 3444 ne
503 3391 557 3444 hoo
585 3390 700 3460 quidem
728 3391 815 3444 abnui
842 3394 950 3460 potest,
979 3390 1181 3460 superlativum

159 3480 226 3516 oum
245 3460 370 3515 ablativo
390 3462 609 3531 comparationis
624 3462 767 3545 Donatum
782 3462 967 3529 coniunxisse,
982 3463 1109 3531 idque
1084 3468 1099 3515 6
1120 3467 1180 3517 618

160 3540 185 3600 7,
201 3538 262 3586 218
283 3538 308 3599 9,
324 3539 373 3586 661
395 3533 545 3587 affirmant.
581 3537 585 3602 Ι
618 3552 650 3586 m
651 3540 724 3588 an
702 3534 799 3588 tiLR
821 3535 940 3589 instanti
918 3506 980 3589 tb
998 3534 1024 3587 ll
1043 3550 1116 3588 man
1137 3534 1180 3589 ed.

158 3607 191 3659 a'n
214 3609 293 3659 tanta
316 3622 330 3656 r
353 3606 472 3659 instante
496 3622 554 3659 nos.
648 3611 683 3659 20
698 3606 821 3734 tfnerant
843 3607 899 3661 dict
888 3613 954 3661 tnra
976 3606 1029 3659 LR
1053 3607 1072 3672 ί.
1092 3606 1181 3659 diem

157 3675 271 3797 ναεὲἒ
353 3682 386 3728 22
399 3679 524 3745 potnerit
514 3676 621 3730 LtR
613 3695 642 3731 ιιι
657 3683 709 3749 pot
709 3678 753 3734 m't
772 3695 843 3734 corr
860 3678 909 3733 b
903 3695 980 3750 ipse
1009 3682 1026 3748 t
1056 3678 1129 3747 quia
1138 3674 1206 3726 KR&

153 3765 205 3813 qm
