2734 4159
584 336 766 394 AENEIDOS
785 340 798 392 Ι
871 337 872 342 ’
1158 339 1198 403 17

181 510 283 569 firmat
305 509 428 569 Aenean
451 508 607 569 defendere
629 509 762 585 potuisse
786 510 911 587 integris
935 509 1041 585 opibus
1068 510 1199 585 patriam

181 618 281 674 suam,
311 600 339 657 si
369 599 434 657 iata
465 618 526 659 non
558 598 757 670 obstitissent,
789 616 858 656 cum
890 598 1004 658 adserit
1032 600 1066 656 in
1093 598 1207 658 alienis'

181 691 271 747 terris
299 707 368 748 eum
395 688 430 747 de
456 688 592 762 reliquiis
615 688 775 764 imperium
802 690 994 764 quaesivisse.
1039 687 1199 761 mediosque

177 796 234 851 per
257 794 353 836 aanor
374 778 516 836 errabant
537 778 594 835 acti
616 778 689 849 fetis
710 779 809 836 meria
832 779 932 837 aaa
955 779 1078 836 arcam:
1101 779 1200 835 terame

154 867 268 931 emm
290 870 354 925 eret
376 867 543 924 Romanam
565 866 686 924 condere
706 870 832 939 ecutae:
865 886 901 925 ne
924 866 1056 926 ratormn
1083 866 1199 925 ratione

181 957 265 1032 passi
287 956 448 1015 videantur
470 974 546 1030 quae
569 958 674 1014 contra
696 955 793 1014 fatum
816 954 892 1015 Iuno
915 953 1058 1028 faciebat,
1087 955 1129 1014 sie
1153 974 1199 1014 or-

182 1046 306 1104 dinatur
324 1050 426 1105 sensus
445 1044 608 1103 narrantis:
632 1044 670 1102 ad
690 1044 873 1103 condendam
891 1044 1058 1103 Romanam
1080 1048 1201 1121 gentem

182 1135 301 1193 multos
322 1153 377 1210 per
403 1151 496 1192 annos
524 1132 665 1191 errabant
687 1135 783 1192 maria
807 1135 908 1192 omnia
930 1135 1050 1192 circum.
1097 1136 1200 1193 tantae

182 1224 271 1283 molis
296 1234 361 1281 erat
383 1223 550 1281 Romanam
573 1222 698 1281 condere
724 1225 854 1301 gentem3
893 1241 1002 1300 magna
1030 1223 1109 1280 enim
1130 1223 1199 1282 'sine

141 1338 168 1376 ω
181 1330 292 1390 magno
319 1312 420 1371 labore
448 1310 536 1369 condi
563 1330 623 1370 nou
650 1314 783 1387 possunt.
829 1311 970 1371 laudatur
1000 1312 1050 1370 hic
1082 1329 1199 1387 qunque

181 1421 286 1461 eorum
309 1402 405 1459 virtus
429 1403 482 1476 qui
504 1419 557 1459 uec
579 1400 668 1459 malis
691 1401 906 1479 frangebantur
929 1419 983 1461 neo
1000 1400 1203 1460 diuturnitate

181 1492 326 1567 temporis
354 1493 384 1549 et
412 1491 512 1549 omnia
540 1489 660 1549 fortiter
685 1489 870 1565 tolerabant,
902 1493 937 1549 ut
969 1491 1117 1567 superatis
1148 1489 1199 1548 ad-

181 1580 276 1639 versis
301 1580 339 1638 ad
361 1581 558 1638 retentionem
581 1578 675 1637 debiti
698 1580 818 1654 imperii
840 1582 1038 1656 pervenirent.

257 1669 314 1727 Via
341 1687 356 1727 e
383 1673 534 1740 conspicata
555 1666 673 1726 Siculae
696 1669 807 1726 telluris
829 1670 862 1726 ie
886 1670 979 1727 altum
1001 1670 1066 1728 cele
1089 1669 1253 1728 datumst

141 1782 167 1821 ιε
183 1760 267 1816 lectt·
290 1757 446 1816 ordinatur
464 1775 566 1816 sensus
585 1757 641 1816 sic:
665 1776 680 1815 e
705 1761 864 1835 conspectu
888 1757 1005 1817 Siculae
1027 1759 1145 1818 telluris
1167 1760 1200 1816 in

183 1847 280 1906 altum
312 1846 381 1906 vela
413 1845 526 1905 dabant
557 1846 607 1904 vix
638 1846 724 1920 laeti3
759 1846 890 1922 perierat
921 1847 1000 1905 enim
1031 1849 1064 1905 in
1098 1846 1200 1905 Sicilia

182 1937 329 1995 Anchises
348 1938 379 1993 et
397 1937 532 2011 proxima
551 1938 617 1994 erat
634 1935 733 1994 Italia.
774 1934 915 1995 dolebant
932 1934 1071 1995 Anchisia
1090 1942 1203 2008 casum‚·

183 2024 377 2084 laetabantur
400 2028 500 2084 autem
524 2024 604 2100 quod
626 2025 702 2083 haut
724 2026 829 2100 procul
849 2027 926 2083 esset
945 2024 1043 2083 Italia.
1089 2026 1200 2099 tempe·

183 2116 265 2173 ravit
287 2116 382 2190 igitur
404 2116 564 2189 utrumque
583 2113 735 2191 Vergilius
759 2117 789 2172 et
812 2113 956 2189 expressit
979 2116 1147 2188 utrumque,
1166 2116 1201 2172 ut

141 2228 170 2265 so
185 2203 299 2262 diceret
320 2204 371 2260 vix
395 2203 475 2261 laeti.
512 2221 577 2261 cem
595 2203 674 2261 [eene
699 2206 847 2261 caenum
870 2220 992 2262 saeuas
1014 2204 1068 2261 sab
1086 2207 1203 2275 pectore

184 2294 293 2351 emaus
319 2293 389 2350 hoec
416 2309 527 2350 secam:
561 2309 628 2350 eum
655 2292 735 2351 euim
758 2292 935 2352 advertisset
957 2291 1032 2352 Iuno
1056 2291 1201 2351 Troianos

184 2381 220 2440 de
244 2382 437 2457 proximitate
459 2380 568 2440 ltaliae
592 2382 748 2459 gratillari,
771 2382 892 2441 vulnere
917 2383 1010 2440 animi
1034 2381 1200 2457 quodper-

183 2472 317 2545 petuum'
330 2470 481 2530 retinebat
502 2472 598 2550 niag's
621 2470 776 2548 magisque
804 2470 903 2546 eoepit
929 2472 1037 2548 urgeri.
1083 2471 1201 2530 exclusa

184 2560 280 2636 igituu
303 2560 340 2617 ab
363 2561 535 2619 inventione
557 2559 693 2633 nocendi,
716 2560 836 2618 exclusa
860 2560 926 2618 loeo
949 2562 980 2618 et
1002 2563 1135 2635 tempore
1160 2562 1201 2639 sic

141 2672 170 2712 co
185 2650 281 2707 animi
293 2650 351 2706 sui
370 2648 487 2708 dolores
506 2652 537 2706 et
555 2650 684 2727 gemitus
707 2648 823 2707 intimis
842 2648 977 2707 sensibus
996 2648 1201 2708 enumerabat:

186 2755 267 2796 mene
293 2739 404 2811 incepto
431 2739 568 2797 desistere
594 2739 720 2797 vietam?
770 2737 868 2813 qualis
896 2741 980 2797 vetus
1009 2742 1040 2796 et
1063 2740 1202 2814 pertinax

184 2828 308 2885 inimica
336 2828 533 2905 cogitationes
560 2827 669 2886 habere
697 2826 833 2885 debuerit
865 2846 925 2886 non
957 2828 1020 2886 sine
1052 2828 1202 2885 rhetorica

185 2916 346 2991 disciplina
368 2919 464 2992 poeta,
481 2916 644 2992 conposuit.
682 2915 857 2976 inducturus
877 2918 957 2977 enim
974 2918 1134 2976 saevientis
1154 2916 1202 2974 de-

184 3004 312 3063 ficientis
344 3006 532 3076 inventiones
561 3006 600 3064 ad
628 3006 795 3065 nocendum
827 3004 948 3065 inducte
981 3000 1203 3081 comparativae

142 3089 344 3169 aequalitatis
372 3097 455 3152 statu
482 3114 535 3171 per
563 3095 661 3153 aliena
677 3096 825 3171 exempla
851 3095 977 3153 nocendi
1006 3095 1131 3154 consilia
1159 3097 1202 3153 iu·

185 3178 281 3242 venta
310 3186 530 3242 commemorat.
584 3187 728 3260 conparat
760 3203 830 3262 ergo
857 3182 936 3243 luno
959 3202 1107 3260 personas
1136 3182 1207 3253 eum.

185 3273 331 3348 personis,
354 3274 410 3330 hoc
430 3276 479 3331 ‚est
501 3291 586 3331 suam
610 3277 640 3332 et
661 3272 824 3347 Minervae,
843 3273 1042 3333 Troianorum
1064 3277 1094 3331 et
1112 3270 1203 3331 Graess

185 3380 303 3436 corum,
329 3361 558 3420 inimicitiarum
585 3381 704 3438 quoque
732 3380 836 3421 causas
865 3362 993 3437 confert,
1023 3361 1203 3420 Graecorum

237 3570 239 3573 ,
260 3520 273 3566 1
294 3514 409 3584 integris
427 3513 525 3581 opibus
543 3530 596 3567 om.
617 3514 659 3567 ed.
731 3519 759 3567 ·3
777 3531 839 3569 eam
857 3514 1033 3583 dereliquite
1051 3529 1103 3567 om.
1123 3513 1167 3568 ed.

187 3591 203 3638 9
223 3585 548 3655 meque-10⁴·poeeemt
566 3602 620 3640 om,
641 3585 684 3640 ed.
772 3591 805 3640 12
823 3591 899 3640 ut—
912 3590 943 3639 13
963 3585 1142 3655 peruenisset
1153 3586 1217 3635 KR.

186 3663 256 3711 et—
263 3657 480 3725 prorumpebant
499 3657 541 3709 ed.
625 3661 659 3712 30
678 3657 790 3715 alienae
809 3658 941 3730 exempto
954 3657 1032 3712 lile*
1103 3660 1153 3706 tx
1169 3666 1238 3731 aare

180 3728 438 3795 mecummet,
486 3757 489 3762 ·
527 3758 542 3765 „
580 3757 597 3767 -ι
735 3760 740 3770 ·
1144 3743 1147 3747 ’

222 3823 279 3860 Don.
294 3824 389 3871 interpr.
404 3826 467 3879 Vetg
494 3832 542 3874 vol.
557 3835 576 3876 I.
1015 3826 1039 3873 ᾖ
