2734 4159
533 365 716 422 AENEIDOS
733 366 773 420 Vl
1095 367 1160 433 609

139 534 295 611 regnabit,
324 536 376 610 qui
404 552 494 593 aurea
516 537 653 611 tempora
674 534 782 593 habuit
803 535 1000 613 regnavitque
1022 555 1076 612 per
1099 537 1161 595 lta·

137 625 239 683 liams
271 624 343 681 dum
372 622 494 681 Saturni
521 626 833 683 commemorationem
860 624 947 700 facit,
979 644 1067 701 quem
1094 626 1161 685 vult

141 714 223 772 inter
249 715 376 772 maiores
401 711 535 772 Caesaris
563 715 728 785 numerari,
755 712 832 771 illud
855 713 974 772 videtur
997 713 1160 790 adstruere,

140 805 177 860 ut
204 800 348 878 regnandi
376 800 505 861 felicitas
532 803 634 879 generi
662 804 726 860 eius
750 802 897 861 attribute
919 802 1067 861 videatur.
1113 822 1160 862 or·

85 891 265 955 'rdinatur
297 908 398 949 sensus
430 892 485 949 sie:
522 890 571 948 hic
603 892 650 950 eat
678 891 833 969 Augustus
863 890 984 965 Caesar,
1016 890 1079 951 divi
1111 912 1159 970 ge·

141 998 211 1053 nur,
244 981 299 1055 qui
330 997 432 1038 rursus
465 980 566 1038 condit
598 998 691 1038 aurea
720 979 839 1038 saecula
867 979 997 1039 Saturno
1024 984 1159 1057 regnate.

142 1113 633 1128 ............................
646 1062 833 1148 [impe]rium
856 1069 988 1144 proferet
1010 1086 1046 1129 ac
1067 1070 1160 1129 latius

85 1145 88 1204 ἶ
142 1159 241 1216 faciet.
286 1201 597 1217 ..................
617 1161 665 1216 tor
692 1177 752 1216 non
780 1158 854 1216 adeo
886 1157 985 1217 laudis
1016 1159 1161 1235 inplesset

85 1313 90 1324 ,Ι
142 1246 286 1321 officium,
314 1249 340 1304 si
368 1266 403 1306 ea
426 1250 544 1305 tantum
572 1266 649 1323 quae
673 1246 820 1305 Saturnus
848 1250 982 1323 gesserat
1009 1248 1160 1308 facturum
1211 1316 1220 1326 ι

85 1341 127 1398 lc
142 1334 299 1394 Caesarem
318 1336 438 1395 diceret.
472 1336 544 1410 quid
563 1338 642 1395 enim
660 1335 853 1395 memorabile
871 1338 974 1411 posset
992 1354 1064 1409 esse,
1084 1339 1109 1396 si
1127 1337 1160 1395 id

142 1424 245 1484 fecisse
271 1423 428 1483 Gaesarem
450 1425 562 1484 diceret
585 1424 664 1500 quod
688 1425 765 1484 elius
787 1424 926 1483 videatur
948 1425 1078 1501 inplesse
1107 1426 1160 1501 qui

122 1515 173 1591 'in
198 1513 261 1572 sola
284 1516 423 1590 regnavit
445 1509 557 1573 Italia?
601 1514 706 1587 faciet,
728 1515 841 1589 inquit,
866 1512 975 1573 (laesor
1003 1515 1082 1590 quod
1106 1513 1159 1573 Sa·

141 1607 248 1661 turnus
280 1605 310 1662 et
342 1622 376 1661 eo
409 1603 553 1678 amplius,
585 1602 720 1661 domabit
751 1604 847 1681 gentis
880 1608 910 1662 et
940 1607 1053 1662 terram
1081 1623 1159 1679 quae

85 1747 88 1758 ‚
141 1691 219 1752 iacet
243 1695 327 1751 extra
349 1692 447 1750 sidera
470 1696 502 1750 et
523 1694 607 1751 extra
631 1694 703 1751 anni
725 1694 790 1751 vias
814 1695 844 1751 et
864 1692 944 1766 solis,
964 1686 1044 1772 [ubi]
1063 1711 1158 1753 annus

96 1853 100 1858 Ι
140 1780 278 1840 noctibus
302 1781 455 1840 concurrit
476 1784 507 1840 et
529 1780 665 1841 deficitur
689 1781 759 1841 solis
783 1784 813 1839 et
836 1784 1000 1840 ceterorum
1028 1781 1158 1841 siderum

140 1869 278 1929 motibus.
326 1871 393 1929 vult
420 1890 490 1948 ergo
519 1889 583 1931 esse
610 1870 736 1929 ulterius
760 1870 874 1946 aliquid
896 1873 988 1945 poeta
1010 1871 1090 1945 quod
1113 1870 1158 1930 sol

141 1959 256 2019 nesciat
283 1962 313 2018 et
340 1960 467 2018 mundus
492 1960 636 2019 excludat.
683 1960 736 2018 ubi
758 1963 816 2033 est,
839 1960 951 2035 inquit,
974 1959 1082 2019 Atlans
1105 1959 1157 2019 ba-

141 2048 220 2106 iulus
248 2048 324 2106 caeli
352 2052 382 2107 et
411 2051 473 2108 axis
502 2048 578 2125 eiua,
606 2048 658 2124 qui
686 2049 775 2107 astris
803 2049 988 2125 fulgentibus
1013 2048 1158 2125 splendet,

141 2138 194 2196 illo
231 2155 324 2212 nsque
360 2139 520 2213 imperium
559 2137 693 2197 (laeseris
730 2138 933 2213 triumphique
973 2138 1156 2214 pervenient

142 2246 207 2285 ecce
230 2227 336 2285 melior
360 2225 469 2286 Caesar
492 2246 582 2301 quam
605 2226 764 2299 Saturnus3
795 2226 846 2285 ille
870 2228 949 2285 enim
971 2229 1004 2285 in
1028 2227 1100 2299 sola,
1123 2230 1158 2286 ut

142 2316 255 2372 dictum
279 2318 332 2388 est,
355 2317 494 2393 regnavit
512 2316 603 2375 Italia
621 2320 652 2375 et
669 2317 780 2375 meruit
796 2315 905 2373 habere
923 2315 994 2374 boni
1014 2318 1044 2374 et
1061 2315 1157 2375 felicis

140 2406 263 2461 rectoris
282 2407 472 2479 memoriam3
495 2407 607 2480 quanto
625 2405 780 2465 meliorem
798 2404 886 2463 debet
902 2404 1012 2463 habere
1031 2405 1157 2482 gloriam

141 2490 250 2550 Caesar
273 2510 366 2566 quam
389 2492 544 2568 Saturnus,
568 2493 620 2569 qui
642 2495 720 2553 hano
743 2493 881 2552 excedere
900 2495 1021 2551 virtutis
1041 2496 1072 2552 et
1090 2493 1155 2551 feli-

141 2581 242 2639 citatis
265 2582 371 2639 merito
396 2582 545 2640 adseritur
561 2599 647 2658 posse
667 2587 698 2641 et
716 2584 797 2641 ultre
816 2583 886 2642 solis
904 2582 970 2641 vias
988 2582 1155 2658 triumphos

111 2681 220 2729 ssucs'
236 2667 407 2747 'gloriasque
432 2671 604 2746 perduceret
649 2673 738 2730 huius
760 2674 793 2729 irc
815 2672 972 2730 adventum
994 2674 1056 2730 iam
1077 2688 1156 2729 nunc

140 2763 166 2819 ct
190 2757 302 2830 Caspia
324 2777 416 2832 recrea
439 2762 586 2834 respersis
608 2760 728 2819 acerem
749 2762 851 2870 dicem
873 2764 901 2818 et
917 2761 1050 2819 Maeotia
1073 2760 1156 2818 tellus

85 2997 92 3026 ι-
211 2970 227 3017 5
251 2963 310 3017 dici
332 2963 357 3017 V
381 2965 507 3019 divinem
530 2964 573 3018 ed.
670 2969 728 3018 ta
751 2964 873 3018 Saturno
896 2964 939 3017 ed.
975 2966 978 3033 l
1012 2963 1156 3046 repectV

140 3035 361 3090 cerredi
381 3036 510 3105 sequitur
527 3035 629 3089 lacuna
648 3035 768 3104 triginta
785 3034 844 3087 fere
862 3033 1063 3087 litterarum
1041 3052 1082 3088 sic
1100 3035 1156 3089 for·

85 3047 96 3240 ι
139 3110 215 3161 tasse
234 3122 267 3160 ex
268 3106 436 3177 p:lendat
411 3115 436 3162 et
453 3124 535 3176 caper
552 3107 742 3161 Garamantas
759 3113 785 3160 et
798 3106 924 3172 Iedcss
911 3123 983 3173 crepe
1001 3105 1118 3175 explevi.

139 3182 156 3231 8
175 3179 240 3247 post
257 3126 341 3245 fdcict
359 3178 553 3248 duodevigint'
545 3195 555 3230 1
532 3177 733 3231 tlitterarum
752 3177 875 3246 epatium
898 3178 993 3243 vacat,
1016 3177 1092 3245 quod
1115 3177 1155 3231 eie

85 3197 265 3317 'expleas
284 3250 444 3332 [Vergilius
461 3250 534 3303 euim
553 3250 713 3320 leudastem
738 3265 789 3302 sua
807 3250 911 3302 temere
929 3247 1060 3316 interpol.
1075 3248 1118 3302 ed.

139 3320 275 3375 9cicaV
298 3322 323 3375 si
340 3339 373 3375 ea
395 3338 446 3375 noe
468 3323 495 3375 er'
517 3322 560 3376 ed.
653 3325 686 3373 10
705 3320 822 3389 quid—
838 3325 869 3371 11
889 3319 989 3372 deceret
1006 3334 1059 3372 om
1075 3319 1118 3372 ed

139 3396 173 3445 14
192 3391 265 3457 facet
282 3408 333 3460 pro
352 3391 472 3447 iccctV.
501 3392 505 3464 l
533 3392 600 3448 solis
618 3408 711 3447 aenae
705 3338 755 3445 qV
772 3391 949 3459 ubiinterpo
964 3392 1033 3458 ml
1063 3406 1155 3444 annue

138 3468 217 3516 -16
236 3463 353 3517 motetus
371 3480 424 3517 om
440 3463 483 3518 ed.
565 3471 598 3518 15
616 3469 759 3518 concurret
776 3469 800 3516 et
819 3462 877 3515 lace
893 3461 944 3515 cub
951 3406 1030 3515 soles
1047 3459 1074 3514 V
1091 3478 1153 3515 coe-

136 3534 226 3591 cerret
243 3539 269 3587 et
286 3534 412 3619 deficitur
430 3536 495 3590 solie
513 3551 571 3589 nos
629 3539 661 3587 16
681 3550 744 3605 erqo
762 3550 815 3587 om.
832 3533 874 3586 ed.
936 3536 969 3586 18
987 3532 1107 3602 epicedit
1096 3531 1152 3586 t.V

193 3610 225 3656 19
241 3607 381 3672 perveniet
370 3604 425 3660 tV
443 3623 511 3659 corr
527 3608 570 3661 ed.
640 3611 674 3659 20
693 3607 783 3661 ille-
794 3610 828 3659 23
847 3604 986 3659 &turnus
1005 3621 1058 3658 om
1074 3603 1117 3657 ed

99 3682 171 3733 23
186 3676 308 3730 excidere
321 3674 348 3729 V
362 3693 430 3731 corr.
441 3677 484 3731 cd.
540 3682 645 3731 §rc-25
660 3678 775 3744 triumfo
788 3694 822 3731 sce
835 3674 862 3729 V
875 3691 943 3730 corr.
954 3675 998 3731 ed
1049 3680 1083 3729 ιδ
1097 3676 1153 3747 qlo-

95 3750 260 3815 reamque
279 3746 322 3801 ed.
339 3748 344 3817 Ι
360 3747 511 3816 producere
530 3749 573 3804 ed.
648 3754 682 3803 ιθ
703 3749 844 3805 Maeotica
862 3747 907 3802 ed

191 3846 251 3887 non
228 3847 360 3897 anriterp
342 3847 480 3899 rr.Vegr
481 3848 543 3889 lo.1
909 3841 947 3890 ‘dli
