2734 4159
585 357 768 415 numos
785 359 813 414 II
1142 359 1208 423 205

194 529 352 605 eiusmodi,
383 532 419 588 ut
450 528 504 588 sub
537 547 690 589 caesorum
718 530 808 588 armis
835 530 991 587 latitantes
1019 528 1209 588 evaderemus

192 618 288 679 hostis
312 622 342 677 et
365 618 441 678 ulios
461 637 582 694 quoque
604 620 769 677 niteremur
787 618 928 678 occidere.
965 619 1042 677 dicet
1058 618 1211 676 obcaecatur

190 724 315 767 numam
341 704 527 782 [primusque
557 707 701 767 Coroebus
727 708 843 767 Penelei
870 709 972 766 deutra
999 709 1084 765 diaeo
1112 709 1262 766 ormi-425

188 800 315 872 peteme
347 796 388 855 ad
419 814 506 855 aram
531 794 728 872 praeambitJ:
762 796 847 855 ilicet
878 796 1056 872 ubicumque
1088 797 1211 871 ponitur

166 890 327 947 sesmerna
349 887 450 945 omnia
473 885 605 945 accidere
628 886 677 945 vel
701 885 842 945 accidisse
866 884 1060 962 significatur.
1098 885 1210 943 dudum

187 975 274 1034 enim
293 975 369 1033 dixit
387 974 472 1049 „telis
491 978 660 1034 nostrorum
684 972 865 1047 obmimm“,
887 974 936 1032 hic
959 973 1034 1032 dixit
1057 973 1211 1032 obruimur

194 1082 330 1139 numero,
353 1064 410 1123 hoo
432 1068 478 1123 est
500 1065 545 1123 ita
568 1082 671 1123 sumus
694 1064 887 1122 multitudine
911 1064 1027 1140 ingenti
1048 1062 1158 1121 vallati
1180 1064 1211 1121 et

194 1155 404 1226 circumventi,
431 1157 466 1211 ut
493 1154 608 1212 occurri
634 1171 695 1211 non
721 1156 823 1228 posset
851 1156 903 1211 aut
929 1153 1037 1211 resisti.
1083 1151 1210 1226 denique

195 1244 248 1318 qui
270 1244 386 1319 primus
408 1244 549 1301 inventor
570 1242 749 1301 insidiarum
771 1242 830 1300 fuit
853 1243 967 1317 primus
991 1238 1139 1300 Coroebus
1163 1258 1210 1299 oc·

153 1333 273 1393 recisus
301 1334 347 1391 est
374 1334 404 1390 et
430 1331 545 1407 primus
573 1334 642 1390 ante
668 1331 764 1406 ipsius
792 1330 944 1389 Minervae
976 1348 1043 1389 aras
1071 1328 1211 1388 occubuit

193 1439 249 1479 nee
277 1421 305 1479 ai
331 1420 470 1496 prodesse
497 1422 629 1480 numinis
655 1422 826 1496 praesentia
852 1422 952 1496 potuit
974 1423 1097 1495 propter
1127 1420 1210 1477 cuius

194 1509 377 1569 sacerdotem
401 1509 617 1568 defendendam
638 1508 814 1567 videbamur
836 1526 899 1568 esse
922 1508 1046 1567 collecti.
1085 1509 1212 1567 caditat

194 1599 334 1672 Riplreas,
355 1600 535 1657 mansimus
556 1616 635 1657 uuus
659 1600 710 1670 qut
731 1600 790 1671 fail
811 1601 845 1657 ta
865 1598 984 1656 Teucris
1007 1602 1033 1656 et
1055 1598 1210 1656 seruantis-

194 1690 287 1746 simus
319 1690 418 1761 aequi:
455 1706 535 1761 ecce,
565 1688 678 1762 inquit,
710 1687 776 1747 laus
809 1687 943 1761 deorum,
975 1688 1055 1762 perit
1086 1686 1210 1763 indigna

153 1781 291 1838 remorta
320 1776 372 1852 qui
399 1778 535 1836 iustitiae
562 1779 593 1835 et
620 1776 781 1851 aequitatis
812 1779 919 1835 merito
947 1778 990 1834 sic
1018 1778 1130 1834 ceteros
1159 1794 1210 1833 an-

195 1866 303 1939 teibat,
330 1870 364 1924 ut
391 1867 471 1926 solus
499 1869 577 1925 esset
603 1884 657 1924 nec
682 1864 805 1923 haberet
828 1866 959 1941 aliquem
982 1865 1031 1923 cui
1054 1865 1212 1939 conparari

195 1957 350 2030 potuisset.
387 1974 478 2030 quare
501 1955 564 2013 hoc·
578 1956 693 2013 factum
714 1956 849 2030 putatur,
868 1957 904 2012 ut
922 1955 1088 2030 superiores
1106 1949 1211 2011 lieient

197 2044 333 2103 scelerati
357 2047 387 2102 et
409 2044 542 2120 perirent
564 2040 717 2102 inmeriti?
762 2045 832 2111 dib,
859 2044 972 2119 inquit,
1000 2042 1085 2102 aliter
1106 2044 1211 2101 auam.

196 2133 247 2191 ubi
270 2134 393 2208 ponitur
415 2133 471 2192 hoc
493 2133 540 2191 illi
562 2135 660 2191 visum
683 2136 729 2191 est
751 2151 811 2192 non
833 2134 947 2191 iustum
973 2131 1131 2204 iudicium,
1160 2132 1211 2189 sed

153 2244 181 2283 cc
196 2240 308 2298 pravae
330 2223 495 2281 voluntatis
518 2222 651 2282 studium
673 2224 704 2279 et
726 2221 819 2280 libido
843 2220 1036 2299 significatur.
1074 2219 1211 2296 denique,

196 2314 231 2370 ut
263 2310 375 2369 dictum
407 2314 464 2384 est,
495 2313 648 2386 perierunt
679 2312 795 2369 innoxii
827 2314 857 2368 et
888 2310 1040 2369 sceleratis
1072 2308 1212 2367 vincendi

196 2402 283 2475 copia
315 2400 462 2459 attributa
494 2403 546 2459 est.
601 2398 723 2459 additur
754 2399 834 2473 quod
865 2399 1078 2476 indignitatem
1114 2399 1212 2473 ipsam

196 2490 293 2565 magis
316 2490 495 2548 accumulet:
513 2493 640 2562 pcreuat
657 2489 853 2563 Hypanisque
869 2488 1040 2563 Dymasque
1062 2490 1169 2560 aaaftai
1191 2505 1211 2545 a

196 2580 289 2637 scau.
336 2578 551 2637 admittebatur
573 2578 678 2651 scelus,
703 2595 799 2653 neque
821 2577 917 2636 ullum
939 2577 998 2635 fuit
1021 2575 1141 2650 crimen,
1164 2579 1210 2635 ut-

155 2689 182 2729 as
196 2670 267 2743 pote
286 2666 365 2741 quod
383 2686 443 2726 non
456 2669 660 2744 unusquisque
674 2668 839 2740 voluntate,
853 2666 905 2726 sed
924 2684 1022 2725 errore
1041 2665 1211 2725 admiserat.

196 2772 249 2815 aee
271 2759 297 2815 te
320 2760 371 2814 tua
388 2757 532 2829 plurima,
550 2757 677 2823 Paatba,
701 2756 842 2815 labentem
859 2758 957 2829 pietas
979 2773 1032 2815 neo
1053 2754 1202 2829 Apollinis
1212 2758 1265 2809 430

196 2845 296 2918 infala
318 2848 400 2904 tecit:
432 2845 564 2904 smmvit
587 2844 737 2904 adfinem
760 2864 827 2903 cum
850 2844 1033 2921 apostropha
1054 2844 1118 2903 eius
1145 2862 1212 2920 per·

197 2952 302 2993 sonam
329 2934 361 2992 in
389 2953 449 3009 qua
476 2934 644 2993 ostenderet
667 2934 737 2993 deos
760 2937 878 2993 tantum
901 2936 993 2995 fuisse
1016 2952 1034 2992 a
1058 2932 1212 2993 commodo

197 3024 345 3082 lucianae
364 3023 544 3082 defensionis
564 3024 686 3097 alienos,
704 3026 739 3082 ut
757 3024 849 3081 etiam
867 3022 1001 3083 Panthus
1024 3021 1213 3081 occumberet

156 3135 183 3174 co
199 3114 279 3187 pius,
307 3114 421 3191 gravis,
452 3112 609 3189 religiosus
642 3131 710 3170 cum
741 3112 815 3188 ipsis
846 3112 1014 3191 insignibus
1041 3111 1211 3170 sacerdotis.

271 3324 286 3370 3
310 3319 472 3386 primasque
487 3323 551 3371 —4
579 3318 737 3387 procumbit
767 3318 847 3370 deest
878 3315 908 3368 in
940 3315 1005 3383 LR,
1042 3315 1091 3369 sed
1123 3315 1212 3385 expli-

199 3392 286 3442 catur.
388 3394 421 3442 14
439 3390 526 3458 periit
548 3388 591 3442 ed.
692 3394 726 3443 25
748 3390 814 3457 post
836 3388 986 3442 admiserat
1007 3386 1037 3439 in
1061 3387 1118 3440 edF
1142 3388 1212 3441 haec

199 3463 355 3530 sequuntur
381 3476 454 3529 qnae
481 3476 533 3513 nec
556 3460 608 3512 LR
635 3459 742 3513 habent
769 3475 821 3513 nec
843 3456 931 3511 HOU
957 3474 1009 3512 nec
1035 3458 1096 3511 edI:
1129 3475 1211 3525 „con-

198 3532 246 3585 fixi
268 3547 286 3583 a
309 3531 393 3585 sociis
421 3534 541 3602 augetur
567 3531 774 3586 commiseratio
801 3529 921 3584 interfici
947 3528 1022 3583 enim
1045 3528 1147 3583 durum
1169 3532 1213 3584 est

199 3604 248 3657 sed
281 3603 378 3656 durius
410 3618 426 3655 a
456 3603 513 3656 suis
545 3602 666 3656 interfici
697 3603 886 3675 exaggeratur
917 3600 999 3670 quud
1024 3600 1142 3653 dixerat
1158 3601 1236 3662 *neu*

198 3674 269 3727 nihil
292 3674 389 3795 irpiaitis
410 3674 455 3728 faa
478 3690 650 3744 quemquam
674 3675 765 3733 fidere
789 3674 895 3731 disisll.
1001 3678 1042 3727 bb
1071 3671 1170 3739 crucis
1185 3665 1253 3714 KR

184 3761 227 3811 qr.
247 3750 274 3796 et
294 3760 310 3795 e
330 3786 335 3795 .
