<?xml version="1.0" encoding="UTF-8"?>
<!DOCTYPE html PUBLIC "-//W3C//DTD XHTML 1.0 Transitional//EN"
    "http://www.w3.org/TR/xhtml1/DTD/xhtml1-transitional.dtd">
<html xmlns="http://www.w3.org/1999/xhtml" xml:lang="en" lang="en">
 <head>
  <title>
</title>
<meta http-equiv="Content-Type" content="text/html;charset=utf-8" />
  <meta name='ocr-system' content='tesseract 3.04.00' />
  <meta name='ocr-capabilities' content='ocr_page ocr_carea ocr_par ocr_line ocrx_word'/>
</head>
<body>
  <div class='ocr_page' id='page_1' title='image "./tibericlaudidon02georgoog_0416.png"; bbox 0 0 2734 4159; ppageno 0'>
   <div class='ocr_carea' id='block_1_1' title="bbox 573 291 1292 408">
    <p class='ocr_par' dir='ltr' id='par_1_1' title="bbox 573 291 1292 408">
     <span class='ocr_line' id='line_1_1' title="bbox 573 291 1292 408; baseline 0.014 -15"><span class='ocrx_word' id='word_1_1' title='bbox 573 337 756 393; x_wconf 79' lang='lat' dir='ltr'>muamcs</span> <span class='ocrx_word' id='word_1_2' title='bbox 773 338 812 392; x_wconf 81' lang='lat' dir='ltr'>rv</span> <span class='ocrx_word' id='word_1_3' title='bbox 917 400 922 408; x_wconf 71' lang='grc'><strong>,</strong></span> <span class='ocrx_word' id='word_1_4' title='bbox 1138 336 1206 403; x_wconf 78' lang='lat' dir='ltr'>ece</span> <span class='ocrx_word' id='word_1_5' title='bbox 1287 291 1292 307; x_wconf 61' lang='grc'><em>’</em></span> 
     </span>
    </p>
   </div>
   <div class='ocr_carea' id='block_1_2' title="bbox 138 506 1260 3349">
    <p class='ocr_par' dir='ltr' id='par_1_2' title="bbox 138 506 1260 3349">
     <span class='ocr_line' id='line_1_2' title="bbox 187 506 1206 585; baseline 0 -18"><span class='ocrx_word' id='word_1_6' title='bbox 187 512 332 581; x_wconf 88' lang='lat' dir='ltr'>stantem,</span> <span class='ocrx_word' id='word_1_7' title='bbox 368 507 447 568; x_wconf 88' lang='lat' dir='ltr'>bello</span> <span class='ocrx_word' id='word_1_8' title='bbox 479 516 645 582; x_wconf 89' lang='lat' dir='ltr'>strenuum,</span> <span class='ocrx_word' id='word_1_9' title='bbox 681 508 764 584; x_wconf 81' lang='lat' dir='ltr'><strong>pacis</strong></span> <span class='ocrx_word' id='word_1_10' title='bbox 801 506 986 583; x_wconf 77' lang='lat' dir='ltr'><strong>temporibus</strong></span> <span class='ocrx_word' id='word_1_11' title='bbox 1021 507 1206 585; x_wconf 83' lang='lat' dir='ltr'>religiosum,</span> 
     </span>
     <span class='ocr_line' id='line_1_3' title="bbox 187 596 1206 670; baseline 0 -15"><span class='ocrx_word' id='word_1_12' title='bbox 187 600 388 657; x_wconf 87' lang='lat' dir='ltr'>necessarium</span> <span class='ocrx_word' id='word_1_13' title='bbox 415 598 537 670; x_wconf 88' lang='lat' dir='ltr'>viduae,</span> <span class='ocrx_word' id='word_1_14' title='bbox 569 599 770 656; x_wconf 89' lang='lat' dir='ltr'>necessarium</span> <span class='ocrx_word' id='word_1_15' title='bbox 797 596 973 670; x_wconf 86' lang='lat' dir='ltr'>destitutae,</span> <span class='ocrx_word' id='word_1_16' title='bbox 1005 597 1206 655; x_wconf 85' lang='lat' dir='ltr'>necessarium</span> 
     </span>
     <span class='ocr_line' id='line_1_4' title="bbox 187 684 1205 761; baseline -0.001 -16"><span class='ocrx_word' id='word_1_17' title='bbox 187 686 328 747; x_wconf 88' lang='lat' dir='ltr'>condenti</span> <span class='ocrx_word' id='word_1_18' title='bbox 360 687 514 745; x_wconf 81' lang='lat' dir='ltr'>civitatem</span> <span class='ocrx_word' id='word_1_19' title='bbox 546 705 654 745; x_wconf 85' lang='lat' dir='ltr'>novam</span> <span class='ocrx_word' id='word_1_20' title='bbox 687 689 717 745; x_wconf 89' lang='lat' dir='ltr'>et</span> <span class='ocrx_word' id='word_1_21' title='bbox 749 705 828 745; x_wconf 90' lang='lat' dir='ltr'>nova</span> <span class='ocrx_word' id='word_1_22' title='bbox 859 686 978 761; x_wconf 89' lang='lat' dir='ltr'>imperii</span> <span class='ocrx_word' id='word_1_23' title='bbox 1010 684 1205 744; x_wconf 89' lang='lat' dir='ltr'>fundamenta</span> 
     </span>
     <span class='ocr_line' id='line_1_5' title="bbox 186 774 1204 852; baseline -0.003 -18"><span class='ocrx_word' id='word_1_24' title='bbox 186 776 328 834; x_wconf 88' lang='lat' dir='ltr'>roborare</span> <span class='ocrx_word' id='word_1_25' title='bbox 351 776 492 851; x_wconf 89' lang='lat' dir='ltr'>cupienti,</span> <span class='ocrx_word' id='word_1_26' title='bbox 514 777 712 835; x_wconf 88' lang='lat' dir='ltr'>necessarium</span> <span class='ocrx_word' id='word_1_27' title='bbox 736 778 840 834; x_wconf 89' lang='lat' dir='ltr'>contra</span> <span class='ocrx_word' id='word_1_28' title='bbox 862 774 1068 852; x_wconf 74' lang='lat' dir='ltr'>Pygmalionis</span> <span class='ocrx_word' id='word_1_29' title='bbox 1091 775 1204 833; x_wconf 84' lang='lat' dir='ltr'>violen-</span> 
     </span>
     <span class='ocr_line' id='line_1_6' title="bbox 164 861 1206 943; baseline -0.001 -20"><span class='ocrx_word' id='word_1_30' title='bbox 164 868 275 942; x_wconf 81' lang='lat' dir='ltr'>stiam,</span> <span class='ocrx_word' id='word_1_31' title='bbox 304 866 357 940; x_wconf 90' lang='lat' dir='ltr'>qui</span> <span class='ocrx_word' id='word_1_32' title='bbox 383 884 493 943; x_wconf 85' lang='lat' dir='ltr'>magna</span> <span class='ocrx_word' id='word_1_33' title='bbox 515 885 606 923; x_wconf 91' lang='lat' dir='ltr'>manu</span> <span class='ocrx_word' id='word_1_34' title='bbox 630 863 806 940; x_wconf 74' lang='lat' dir='ltr'>sperabatur</span> <span class='ocrx_word' id='word_1_35' title='bbox 828 882 890 921; x_wconf 90' lang='lat' dir='ltr'>esse</span> <span class='ocrx_word' id='word_1_36' title='bbox 913 861 1076 922; x_wconf 81' lang='lat' dir='ltr'>venturus?</span> <span class='ocrx_word' id='word_1_37' title='bbox 1122 881 1206 922; x_wconf 89' lang='lat' dir='ltr'>aece-</span> 
     </span>
     <span class='ocr_line' id='line_1_7' title="bbox 187 952 1202 1029; baseline 0 -18"><span class='ocrx_word' id='word_1_38' title='bbox 187 954 277 1013; x_wconf 88' lang='lat' dir='ltr'>debat</span> <span class='ocrx_word' id='word_1_39' title='bbox 296 956 428 1029; x_wconf 85' lang='lat' dir='ltr'>corporis</span> <span class='ocrx_word' id='word_1_40' title='bbox 446 954 535 1013; x_wconf 90' lang='lat' dir='ltr'>decus</span> <span class='ocrx_word' id='word_1_41' title='bbox 554 958 584 1013; x_wconf 91' lang='lat' dir='ltr'>et</span> <span class='ocrx_word' id='word_1_42' title='bbox 602 956 708 1027; x_wconf 84' lang='lat' dir='ltr'>forma,</span> <span class='ocrx_word' id='word_1_43' title='bbox 727 972 802 1029; x_wconf 90' lang='lat' dir='ltr'>quae</span> <span class='ocrx_word' id='word_1_44' title='bbox 822 954 927 1011; x_wconf 88' lang='lat' dir='ltr'>ceteris</span> <span class='ocrx_word' id='word_1_45' title='bbox 946 952 1039 1010; x_wconf 91' lang='lat' dir='ltr'>animi</span> <span class='ocrx_word' id='word_1_46' title='bbox 1058 954 1202 1027; x_wconf 89' lang='lat' dir='ltr'>corporis·</span> 
     </span>
     <span class='ocr_line' id='line_1_8' title="bbox 187 1040 1206 1119; baseline -0.002 -18"><span class='ocrx_word' id='word_1_47' title='bbox 187 1062 244 1118; x_wconf 89' lang='lat' dir='ltr'>que</span> <span class='ocrx_word' id='word_1_48' title='bbox 264 1044 434 1119; x_wconf 79' lang='lat' dir='ltr'><strong>praecipuis</strong></span> <span class='ocrx_word' id='word_1_49' title='bbox 453 1042 576 1102; x_wconf 77' lang='lat' dir='ltr'>adderet</span> <span class='ocrx_word' id='word_1_50' title='bbox 594 1045 793 1116; x_wconf 75' lang='lat' dir='ltr'>venustatem,</span> <span class='ocrx_word' id='word_1_51' title='bbox 813 1060 891 1117; x_wconf 90' lang='lat' dir='ltr'>quae</span> <span class='ocrx_word' id='word_1_52' title='bbox 909 1043 976 1117; x_wconf 92' lang='lat' dir='ltr'>ipsa</span> <span class='ocrx_word' id='word_1_53' title='bbox 993 1043 1108 1117; x_wconf 88' lang='lat' dir='ltr'>primus</span> <span class='ocrx_word' id='word_1_54' title='bbox 1127 1040 1206 1099; x_wconf 91' lang='lat' dir='ltr'>liber</span> 
     </span>
     <span class='ocr_line' id='line_1_9' title="bbox 187 1130 1205 1208; baseline -0.001 -18"><span class='ocrx_word' id='word_1_55' title='bbox 187 1131 340 1191; x_wconf 83' lang='lat' dir='ltr'>evidenter</span> <span class='ocrx_word' id='word_1_56' title='bbox 363 1134 515 1208; x_wconf 82' lang='lat' dir='ltr'>expressit,</span> <span class='ocrx_word' id='word_1_57' title='bbox 534 1152 599 1191; x_wconf 90' lang='lat' dir='ltr'>cum</span> <span class='ocrx_word' id='word_1_58' title='bbox 623 1132 778 1191; x_wconf 83' lang='lat' dir='ltr'>recedente</span> <span class='ocrx_word' id='word_1_59' title='bbox 800 1131 877 1189; x_wconf 91' lang='lat' dir='ltr'>nube</span> <span class='ocrx_word' id='word_1_60' title='bbox 900 1130 1047 1207; x_wconf 90' lang='lat' dir='ltr'>plurimus</span> <span class='ocrx_word' id='word_1_61' title='bbox 1070 1130 1205 1189; x_wconf 79' lang='lat' dir='ltr'>fulsisset</span> 
     </span>
     <span class='ocr_line' id='line_1_10' title="bbox 186 1218 1205 1299; baseline -0.001 -21"><span class='ocrx_word' id='word_1_62' title='bbox 186 1222 217 1278; x_wconf 92' lang='lat' dir='ltr'>in</span> <span class='ocrx_word' id='word_1_63' title='bbox 241 1221 313 1279; x_wconf 81' lang='lat' dir='ltr'>sole.</span> <span class='ocrx_word' id='word_1_64' title='bbox 354 1222 525 1297; x_wconf 89' lang='lat' dir='ltr'>multusque</span> <span class='ocrx_word' id='word_1_65' title='bbox 547 1225 681 1281; x_wconf 87' lang='lat' dir='ltr'>recursat</span> <span class='ocrx_word' id='word_1_66' title='bbox 704 1223 802 1299; x_wconf 84' lang='lat' dir='ltr'>gentis</span> <span class='ocrx_word' id='word_1_67' title='bbox 825 1221 932 1278; x_wconf 89' lang='lat' dir='ltr'>hones:</span> <span class='ocrx_word' id='word_1_68' title='bbox 955 1218 1077 1278; x_wconf 88' lang='lat' dir='ltr'>tertiam</span> <span class='ocrx_word' id='word_1_69' title='bbox 1099 1219 1205 1294; x_wconf 86' lang='lat' dir='ltr'>posuit</span> 
     </span>
     <span class='ocr_line' id='line_1_11' title="bbox 150 1308 1205 1387; baseline 0 -20"><span class='ocrx_word' id='word_1_70' title='bbox 150 1329 174 1367; x_wconf 80' lang='lat' dir='ltr'>rc</span> <span class='ocrx_word' id='word_1_71' title='bbox 187 1312 305 1387; x_wconf 85' lang='lat' dir='ltr'>generis</span> <span class='ocrx_word' id='word_1_72' title='bbox 332 1308 464 1385; x_wconf 89' lang='lat' dir='ltr'>laudem,</span> <span class='ocrx_word' id='word_1_73' title='bbox 496 1310 569 1369; x_wconf 89' lang='lat' dir='ltr'>haec</span> <span class='ocrx_word' id='word_1_74' title='bbox 597 1312 676 1369; x_wconf 88' lang='lat' dir='ltr'>enim</span> <span class='ocrx_word' id='word_1_75' title='bbox 703 1313 775 1369; x_wconf 88' lang='lat' dir='ltr'>tunc</span> <span class='ocrx_word' id='word_1_76' title='bbox 802 1309 936 1385; x_wconf 86' lang='lat' dir='ltr'>prodest,</span> <span class='ocrx_word' id='word_1_77' title='bbox 969 1310 995 1367; x_wconf 92' lang='lat' dir='ltr'>si</span> <span class='ocrx_word' id='word_1_78' title='bbox 1027 1327 1104 1383; x_wconf 89' lang='lat' dir='ltr'>quae</span> <span class='ocrx_word' id='word_1_79' title='bbox 1133 1311 1205 1367; x_wconf 90' lang='lat' dir='ltr'>sunt</span> 
     </span>
     <span class='ocr_line' id='line_1_12' title="bbox 186 1396 1202 1475; baseline -0.001 -19"><span class='ocrx_word' id='word_1_80' title='bbox 186 1399 420 1474; x_wconf 89' lang='lat' dir='ltr'>uniuscuiusque</span> <span class='ocrx_word' id='word_1_81' title='bbox 446 1402 570 1475; x_wconf 92' lang='lat' dir='ltr'>propria</span> <span class='ocrx_word' id='word_1_82' title='bbox 596 1401 709 1458; x_wconf 87' lang='lat' dir='ltr'>rationi</span> <span class='ocrx_word' id='word_1_83' title='bbox 734 1400 888 1475; x_wconf 86' lang='lat' dir='ltr'><strong>sanguinis</strong></span> <span class='ocrx_word' id='word_1_84' title='bbox 911 1400 991 1456; x_wconf 90' lang='lat' dir='ltr'>recte</span> <span class='ocrx_word' id='word_1_85' title='bbox 1015 1396 1202 1456; x_wconf 84' lang='lat' dir='ltr'>conveniant.</span> 
     </span>
     <span class='ocr_line' id='line_1_13' title="bbox 185 1486 1260 1564; baseline -0.002 -19"><span class='ocrx_word' id='word_1_86' title='bbox 185 1507 255 1546; x_wconf 94' lang='lat' dir='ltr'>nam</span> <span class='ocrx_word' id='word_1_87' title='bbox 271 1488 419 1562; x_wconf 86' lang='lat' dir='ltr'>quomedo</span> <span class='ocrx_word' id='word_1_88' title='bbox 433 1487 551 1547; x_wconf 87' lang='lat' dir='ltr'>Aeneae</span> <span class='ocrx_word' id='word_1_89' title='bbox 569 1490 684 1547; x_wconf 88' lang='lat' dir='ltr'>meritis</span> <span class='ocrx_word' id='word_1_90' title='bbox 703 1488 886 1563; x_wconf 86' lang='lat' dir='ltr'>praedicatio</span> <span class='ocrx_word' id='word_1_91' title='bbox 907 1486 1058 1545; x_wconf 90' lang='lat' dir='ltr'>accederet</span> <span class='ocrx_word' id='word_1_92' title='bbox 1077 1488 1203 1564; x_wconf 74' lang='lat' dir='ltr'>generiS,</span> <span class='ocrx_word' id='word_1_93' title='bbox 1257 1497 1260 1502; x_wconf 82' lang='grc'><em>’</em></span> 
     </span>
     <span class='ocr_line' id='line_1_14' title="bbox 185 1573 1203 1653; baseline -0.001 -18"><span class='ocrx_word' id='word_1_94' title='bbox 185 1577 211 1635; x_wconf 89' lang='lat' dir='ltr'>si</span> <span class='ocrx_word' id='word_1_95' title='bbox 237 1580 304 1652; x_wconf 90' lang='lat' dir='ltr'>ipsc</span> <span class='ocrx_word' id='word_1_96' title='bbox 331 1579 461 1652; x_wconf 88' lang='lat' dir='ltr'>propriis</span> <span class='ocrx_word' id='word_1_97' title='bbox 493 1574 578 1637; x_wconf 86' lang='lat' dir='ltr'>bonis</span> <span class='ocrx_word' id='word_1_98' title='bbox 607 1577 727 1636; x_wconf 89' lang='lat' dir='ltr'>laudari</span> <span class='ocrx_word' id='word_1_99' title='bbox 754 1596 814 1635; x_wconf 94' lang='lat' dir='ltr'>non</span> <span class='ocrx_word' id='word_1_100' title='bbox 841 1573 963 1652; x_wconf 81' lang='lat' dir='ltr'>posset?</span> <span class='ocrx_word' id='word_1_101' title='bbox 1008 1576 1081 1634; x_wconf 92' lang='lat' dir='ltr'>haec</span> <span class='ocrx_word' id='word_1_102' title='bbox 1108 1577 1203 1653; x_wconf 82' lang='lat' dir='ltr'>igitur</span> 
     </span>
     <span class='ocr_line' id='line_1_15' title="bbox 184 1666 1201 1741; baseline -0.003 -16"><span class='ocrx_word' id='word_1_103' title='bbox 184 1684 255 1741; x_wconf 87' lang='lat' dir='ltr'>pars</span> <span class='ocrx_word' id='word_1_104' title='bbox 283 1667 316 1723; x_wconf 89' lang='lat' dir='ltr'>in</span> <span class='ocrx_word' id='word_1_105' title='bbox 343 1684 378 1725; x_wconf 91' lang='lat' dir='ltr'>eo</span> <span class='ocrx_word' id='word_1_106' title='bbox 406 1669 464 1740; x_wconf 89' lang='lat' dir='ltr'>est,</span> <span class='ocrx_word' id='word_1_107' title='bbox 492 1669 526 1725; x_wconf 89' lang='lat' dir='ltr'>ut</span> <span class='ocrx_word' id='word_1_108' title='bbox 549 1668 640 1726; x_wconf 91' lang='lat' dir='ltr'>etiam</span> <span class='ocrx_word' id='word_1_109' title='bbox 663 1667 729 1741; x_wconf 87' lang='lat' dir='ltr'>ipsa</span> <span class='ocrx_word' id='word_1_110' title='bbox 753 1686 788 1723; x_wconf 84' lang='lat' dir='ltr'>ex</span> <span class='ocrx_word' id='word_1_111' title='bbox 810 1666 947 1741; x_wconf 88' lang='lat' dir='ltr'><strong>plurimis</strong></span> <span class='ocrx_word' id='word_1_112' title='bbox 972 1667 1098 1723; x_wconf 89' lang='lat' dir='ltr'>constet:</span> <span class='ocrx_word' id='word_1_113' title='bbox 1130 1683 1201 1722; x_wconf 90' lang='lat' dir='ltr'>narn</span> 
     </span>
     <span class='ocr_line' id='line_1_16' title="bbox 148 1752 1201 1831; baseline 0 -19"><span class='ocrx_word' id='word_1_114' title='bbox 148 1773 171 1813; x_wconf 82' lang='lat' dir='ltr'>u</span> <span class='ocrx_word' id='word_1_115' title='bbox 185 1755 299 1814; x_wconf 88' lang='lat' dir='ltr'>sciebat</span> <span class='ocrx_word' id='word_1_116' title='bbox 317 1753 395 1813; x_wconf 92' lang='lat' dir='ltr'>Dido</span> <span class='ocrx_word' id='word_1_117' title='bbox 414 1773 477 1815; x_wconf 91' lang='lat' dir='ltr'>esse</span> <span class='ocrx_word' id='word_1_118' title='bbox 491 1754 614 1813; x_wconf 87' lang='lat' dir='ltr'>Aenean</span> <span class='ocrx_word' id='word_1_119' title='bbox 628 1755 752 1814; x_wconf 89' lang='lat' dir='ltr'>Veneris</span> <span class='ocrx_word' id='word_1_120' title='bbox 771 1754 876 1829; x_wconf 92' lang='lat' dir='ltr'>filium,</span> <span class='ocrx_word' id='word_1_121' title='bbox 894 1752 1049 1831; x_wconf 80' lang='lat' dir='ltr'><strong>Cupidinis</strong></span> <span class='ocrx_word' id='word_1_122' title='bbox 1068 1755 1201 1827; x_wconf 90' lang='lat' dir='ltr'>fratrem,</span> 
     </span>
     <span class='ocr_line' id='line_1_17' title="bbox 184 1843 1201 1919; baseline 0 -18"><span class='ocrx_word' id='word_1_123' title='bbox 184 1844 326 1916; x_wconf 88' lang='lat' dir='ltr'>Mercuri,</span> <span class='ocrx_word' id='word_1_124' title='bbox 347 1844 470 1918; x_wconf 82' lang='lat' dir='ltr'>Teucri,</span> <span class='ocrx_word' id='word_1_125' title='bbox 493 1843 630 1903; x_wconf 91' lang='lat' dir='ltr'>Dardani</span> <span class='ocrx_word' id='word_1_126' title='bbox 652 1844 780 1903; x_wconf 87' lang='lat' dir='ltr'>adfinem</span> <span class='ocrx_word' id='word_1_127' title='bbox 803 1846 846 1918; x_wconf 90' lang='lat' dir='ltr'>et,</span> <span class='ocrx_word' id='word_1_128' title='bbox 875 1844 954 1919; x_wconf 92' lang='lat' dir='ltr'>quod</span> <span class='ocrx_word' id='word_1_129' title='bbox 982 1861 1074 1918; x_wconf 90' lang='lat' dir='ltr'>supra</span> <span class='ocrx_word' id='word_1_130' title='bbox 1100 1844 1201 1901; x_wconf 89' lang='lat' dir='ltr'>emnia</span> 
     </span>
     <span class='ocr_line' id='line_1_18' title="bbox 185 1931 1200 2010; baseline 0 -20"><span class='ocrx_word' id='word_1_131' title='bbox 185 1933 251 2007; x_wconf 81' lang='lat' dir='ltr'>fuit,</span> <span class='ocrx_word' id='word_1_132' title='bbox 275 1935 415 2008; x_wconf 88' lang='lat' dir='ltr'>nepotem</span> <span class='ocrx_word' id='word_1_133' title='bbox 438 1933 527 1992; x_wconf 90' lang='lat' dir='ltr'>Iovis.</span> <span class='ocrx_word' id='word_1_134' title='bbox 572 1935 696 1992; x_wconf 87' lang='lat' dir='ltr'>haerent</span> <span class='ocrx_word' id='word_1_135' title='bbox 718 1933 803 1991; x_wconf 82' lang='lat' dir='ltr'>infixi</span> <span class='ocrx_word' id='word_1_136' title='bbox 824 1934 945 2010; x_wconf 86' lang='lat' dir='ltr'>pectore</span> <span class='ocrx_word' id='word_1_137' title='bbox 967 1932 1068 1991; x_wconf 84' lang='lat' dir='ltr'>vultus</span> <span class='ocrx_word' id='word_1_138' title='bbox 1095 1931 1200 1990; x_wconf 84' lang='lat' dir='ltr'>verba-</span> 
     </span>
     <span class='ocr_line' id='line_1_19' title="bbox 140 2016 1201 2098; baseline 0 -19"><span class='ocrx_word' id='word_1_139' title='bbox 140 2016 142 2018; x_wconf 64' lang='grc'><strong>’</strong></span> <span class='ocrx_word' id='word_1_140' title='bbox 185 2041 255 2097; x_wconf 87' lang='lat' dir='ltr'>quc:</span> <span class='ocrx_word' id='word_1_141' title='bbox 285 2022 409 2080; x_wconf 84' lang='lat' dir='ltr'>haerent</span> <span class='ocrx_word' id='word_1_142' title='bbox 430 2024 550 2098; x_wconf 87' lang='lat' dir='ltr'>pectore</span> <span class='ocrx_word' id='word_1_143' title='bbox 573 2022 619 2081; x_wconf 93' lang='lat' dir='ltr'>bis</span> <span class='ocrx_word' id='word_1_144' title='bbox 642 2022 848 2097; x_wconf 88' lang='lat' dir='ltr'>accipiendum</span> <span class='ocrx_word' id='word_1_145' title='bbox 871 2024 929 2095; x_wconf 89' lang='lat' dir='ltr'>est,</span> <span class='ocrx_word' id='word_1_146' title='bbox 956 2024 992 2078; x_wconf 91' lang='lat' dir='ltr'>ut</span> <span class='ocrx_word' id='word_1_147' title='bbox 1014 2020 1055 2079; x_wconf 89' lang='lat' dir='ltr'>sit</span> <span class='ocrx_word' id='word_1_148' title='bbox 1076 2021 1201 2079; x_wconf 88' lang='lat' dir='ltr'>haerent</span> 
     </span>
     <span class='ocr_line' id='line_1_20' title="bbox 184 2108 1200 2186; baseline -0.002 -17"><span class='ocrx_word' id='word_1_149' title='bbox 184 2114 305 2185; x_wconf 88' lang='lat' dir='ltr'>pectore</span> <span class='ocrx_word' id='word_1_150' title='bbox 327 2110 430 2170; x_wconf 89' lang='lat' dir='ltr'>vultus</span> <span class='ocrx_word' id='word_1_151' title='bbox 452 2111 545 2184; x_wconf 80' lang='lat' dir='ltr'>infixi,</span> <span class='ocrx_word' id='word_1_152' title='bbox 568 2112 692 2170; x_wconf 89' lang='lat' dir='ltr'>haerent</span> <span class='ocrx_word' id='word_1_153' title='bbox 716 2110 805 2169; x_wconf 89' lang='lat' dir='ltr'>verba</span> <span class='ocrx_word' id='word_1_154' title='bbox 827 2112 955 2186; x_wconf 83' lang='lat' dir='ltr'>pectore.</span> <span class='ocrx_word' id='word_1_155' title='bbox 992 2108 1076 2167; x_wconf 84' lang='lat' dir='ltr'>infixi</span> <span class='ocrx_word' id='word_1_156' title='bbox 1099 2111 1200 2167; x_wconf 88' lang='lat' dir='ltr'>antem</span> 
     </span>
     <span class='ocr_line' id='line_1_21' title="bbox 149 2190 1200 2275; baseline -0.001 -18"><span class='ocrx_word' id='word_1_157' title='bbox 149 2216 172 2257; x_wconf 81' lang='lat' dir='ltr'>ac</span> <span class='ocrx_word' id='word_1_158' title='bbox 185 2199 265 2275; x_wconf 89' lang='lat' dir='ltr'>quod</span> <span class='ocrx_word' id='word_1_159' title='bbox 293 2190 350 2272; x_wconf 89' lang='lat' dir='ltr'>ait,</span> <span class='ocrx_word' id='word_1_160' title='bbox 378 2200 415 2258; x_wconf 93' lang='lat' dir='ltr'>ad</span> <span class='ocrx_word' id='word_1_161' title='bbox 443 2200 522 2260; x_wconf 86' lang='lat' dir='ltr'><strong>solos</strong></span> <span class='ocrx_word' id='word_1_162' title='bbox 549 2202 651 2259; x_wconf 86' lang='lat' dir='ltr'>vultus</span> <span class='ocrx_word' id='word_1_163' title='bbox 678 2201 823 2275; x_wconf 87' lang='lat' dir='ltr'>pertinet,</span> <span class='ocrx_word' id='word_1_164' title='bbox 852 2201 922 2275; x_wconf 90' lang='lat' dir='ltr'>qnia</span> <span class='ocrx_word' id='word_1_165' title='bbox 946 2199 1003 2257; x_wconf 89' lang='lat' dir='ltr'>erit</span> <span class='ocrx_word' id='word_1_166' title='bbox 1024 2198 1146 2270; x_wconf 83' lang='lat' dir='ltr'>vitium,</span> <span class='ocrx_word' id='word_1_167' title='bbox 1174 2200 1200 2258; x_wconf 89' lang='lat' dir='ltr'>si</span> 
     </span>
     <span class='ocr_line' id='line_1_22' title="bbox 185 2287 1199 2366; baseline 0 -19"><span class='ocrx_word' id='word_1_168' title='bbox 185 2288 319 2347; x_wconf 89' lang='lat' dir='ltr'>dieamus</span> <span class='ocrx_word' id='word_1_169' title='bbox 341 2288 425 2346; x_wconf 87' lang='lat' dir='ltr'>infixi</span> <span class='ocrx_word' id='word_1_170' title='bbox 442 2288 543 2363; x_wconf 87' lang='lat' dir='ltr'>verba,</span> <span class='ocrx_word' id='word_1_171' title='bbox 561 2292 592 2347; x_wconf 91' lang='lat' dir='ltr'>et</span> <span class='ocrx_word' id='word_1_172' title='bbox 609 2291 706 2366; x_wconf 84' lang='lat' dir='ltr'>magis</span> <span class='ocrx_word' id='word_1_173' title='bbox 725 2308 780 2364; x_wconf 90' lang='lat' dir='ltr'>pro</span> <span class='ocrx_word' id='word_1_174' title='bbox 799 2307 926 2364; x_wconf 90' lang='lat' dir='ltr'>persona</span> <span class='ocrx_word' id='word_1_175' title='bbox 945 2288 1074 2346; x_wconf 89' lang='lat' dir='ltr'>amantis</span> <span class='ocrx_word' id='word_1_176' title='bbox 1092 2287 1199 2347; x_wconf 86' lang='lat' dir='ltr'>melius</span> 
     </span>
     <span class='ocr_line' id='line_1_23' title="bbox 185 2375 1199 2454; baseline -0.003 -17"><span class='ocrx_word' id='word_1_177' title='bbox 185 2376 331 2453; x_wconf 89' lang='lat' dir='ltr'>accipitur</span> <span class='ocrx_word' id='word_1_178' title='bbox 361 2377 444 2435; x_wconf 83' lang='lat' dir='ltr'>infixi</span> <span class='ocrx_word' id='word_1_179' title='bbox 475 2379 585 2437; x_wconf 85' lang='lat' dir='ltr'>vultus,</span> <span class='ocrx_word' id='word_1_180' title='bbox 631 2378 723 2437; x_wconf 85' lang='lat' dir='ltr'>verba</span> <span class='ocrx_word' id='word_1_181' title='bbox 755 2378 834 2435; x_wconf 89' lang='lat' dir='ltr'>enirn</span> <span class='ocrx_word' id='word_1_182' title='bbox 866 2380 1058 2454; x_wconf 83' lang='lat' dir='ltr'>augmentum</span> <span class='ocrx_word' id='word_1_183' title='bbox 1086 2375 1199 2435; x_wconf 92' lang='lat' dir='ltr'>dabant</span> 
     </span>
     <span class='ocr_line' id='line_1_24' title="bbox 186 2464 1199 2541; baseline -0.001 -17"><span class='ocrx_word' id='word_1_184' title='bbox 186 2468 287 2539; x_wconf 87' lang='lat' dir='ltr'>amori,</span> <span class='ocrx_word' id='word_1_185' title='bbox 310 2484 370 2524; x_wconf 91' lang='lat' dir='ltr'>non</span> <span class='ocrx_word' id='word_1_186' title='bbox 388 2468 517 2541; x_wconf 90' lang='lat' dir='ltr'>primam</span> <span class='ocrx_word' id='word_1_187' title='bbox 536 2486 664 2527; x_wconf 89' lang='lat' dir='ltr'>causam.</span> <span class='ocrx_word' id='word_1_188' title='bbox 702 2467 826 2525; x_wconf 90' lang='lat' dir='ltr'>haerent</span> <span class='ocrx_word' id='word_1_189' title='bbox 844 2469 875 2524; x_wconf 90' lang='lat' dir='ltr'>et</span> <span class='ocrx_word' id='word_1_190' title='bbox 891 2465 975 2523; x_wconf 83' lang='lat' dir='ltr'>infixi</span> <span class='ocrx_word' id='word_1_191' title='bbox 993 2466 1069 2523; x_wconf 90' lang='lat' dir='ltr'>hanc</span> <span class='ocrx_word' id='word_1_192' title='bbox 1087 2464 1199 2523; x_wconf 89' lang='lat' dir='ltr'>habent</span> 
     </span>
     <span class='ocr_line' id='line_1_25' title="bbox 186 2546 1198 2635; baseline -0.001 -22"><span class='ocrx_word' id='word_1_193' title='bbox 186 2556 331 2615; x_wconf 87' lang='lat' dir='ltr'>rationem</span> <span class='ocrx_word' id='word_1_194' title='bbox 351 2575 440 2631; x_wconf 91' lang='lat' dir='ltr'>quam</span> <span class='ocrx_word' id='word_1_195' title='bbox 458 2556 549 2615; x_wconf 89' lang='lat' dir='ltr'>habet</span> <span class='ocrx_word' id='word_1_196' title='bbox 568 2556 646 2631; x_wconf 88' lang='lat' dir='ltr'>quod</span> <span class='ocrx_word' id='word_1_197' title='bbox 665 2558 756 2615; x_wconf 85' lang='lat' dir='ltr'>etiam</span> <span class='ocrx_word' id='word_1_198' title='bbox 774 2558 807 2613; x_wconf 95' lang='lat' dir='ltr'>in</span> <span class='ocrx_word' id='word_1_199' title='bbox 825 2557 915 2613; x_wconf 88' lang='lat' dir='ltr'>tertio</span> <span class='ocrx_word' id='word_1_200' title='bbox 935 2554 1011 2613; x_wconf 84' lang='lat' dir='ltr'>libro</span> <span class='ocrx_word' id='word_1_201' title='bbox 1035 2556 1079 2613; x_wconf 89' lang='lat' dir='ltr'>ait</span> <span class='ocrx_word' id='word_1_202' title='bbox 1103 2546 1198 2635; x_wconf 79' lang='lat'>(286)</span> 
     </span>
     <span class='ocr_line' id='line_1_26' title="bbox 138 2643 1198 2723; baseline 0.005 -26"><span class='ocrx_word' id='word_1_203' title='bbox 138 2655 268 2718; x_wconf 46' lang='lat' dir='ltr'>,a,aere</span> <span class='ocrx_word' id='word_1_204' title='bbox 288 2662 362 2702; x_wconf 89' lang='lat' dir='ltr'>cavo</span> <span class='ocrx_word' id='word_1_205' title='bbox 381 2645 518 2720; x_wconf 88' lang='lat' dir='ltr'>clipeum,</span> <span class='ocrx_word' id='word_1_206' title='bbox 537 2648 639 2723; x_wconf 84' lang='lat' dir='ltr'>magni</span> <span class='ocrx_word' id='word_1_207' title='bbox 662 2649 814 2722; x_wconf 83' lang='lat' dir='ltr'>gestamen</span> <span class='ocrx_word' id='word_1_208' title='bbox 834 2643 970 2718; x_wconf 80' lang='lat' dir='ltr'>Abantis,</span> <span class='ocrx_word' id='word_1_209' title='bbox 993 2643 1128 2719; x_wconf 89' lang='lat' dir='ltr'>postibus</span> <span class='ocrx_word' id='word_1_210' title='bbox 1147 2644 1198 2702; x_wconf 90' lang='lat' dir='ltr'>ad·</span> 
     </span>
     <span class='ocr_line' id='line_1_27' title="bbox 188 2732 1199 2810; baseline 0.001 -21"><span class='ocrx_word' id='word_1_211' title='bbox 188 2733 275 2794; x_wconf 73' lang='lat' dir='ltr'>tersis</span> <span class='ocrx_word' id='word_1_212' title='bbox 309 2732 395 2810; x_wconf 82' lang='lat' dir='ltr'>figc“.</span> <span class='ocrx_word' id='word_1_213' title='bbox 440 2734 494 2810; x_wconf 87' lang='lat' dir='ltr'>figi</span> <span class='ocrx_word' id='word_1_214' title='bbox 526 2737 605 2793; x_wconf 90' lang='lat' dir='ltr'>enirn</span> <span class='ocrx_word' id='word_1_215' title='bbox 637 2734 747 2792; x_wconf 89' lang='lat' dir='ltr'>dicitur</span> <span class='ocrx_word' id='word_1_216' title='bbox 779 2733 859 2809; x_wconf 89' lang='lat' dir='ltr'>quod</span> <span class='ocrx_word' id='word_1_217' title='bbox 891 2735 933 2791; x_wconf 92' lang='lat' dir='ltr'>sic</span> <span class='ocrx_word' id='word_1_218' title='bbox 967 2733 1058 2791; x_wconf 90' lang='lat' dir='ltr'>alicui</span> <span class='ocrx_word' id='word_1_219' title='bbox 1089 2734 1199 2808; x_wconf 89' lang='lat' dir='ltr'>speciei</span> 
     </span>
     <span class='ocr_line' id='line_1_28' title="bbox 189 2820 1199 2900; baseline 0.003 -23"><span class='ocrx_word' id='word_1_220' title='bbox 189 2820 331 2900; x_wconf 77' lang='lat' dir='ltr'>iungitur,</span> <span class='ocrx_word' id='word_1_221' title='bbox 359 2825 395 2881; x_wconf 90' lang='lat' dir='ltr'>ut</span> <span class='ocrx_word' id='word_1_222' title='bbox 421 2824 492 2881; x_wconf 86' lang='lat' dir='ltr'>velli</span> <span class='ocrx_word' id='word_1_223' title='bbox 515 2843 575 2882; x_wconf 91' lang='lat' dir='ltr'>non</span> <span class='ocrx_word' id='word_1_224' title='bbox 598 2825 706 2898; x_wconf 89' lang='lat' dir='ltr'>possit,</span> <span class='ocrx_word' id='word_1_225' title='bbox 735 2826 765 2881; x_wconf 90' lang='lat' dir='ltr'>et</span> <span class='ocrx_word' id='word_1_226' title='bbox 787 2822 890 2881; x_wconf 89' lang='lat' dir='ltr'>haeret</span> <span class='ocrx_word' id='word_1_227' title='bbox 914 2820 993 2898; x_wconf 89' lang='lat' dir='ltr'>qued</span> <span class='ocrx_word' id='word_1_228' title='bbox 1015 2841 1075 2880; x_wconf 88' lang='lat' dir='ltr'>non</span> <span class='ocrx_word' id='word_1_229' title='bbox 1098 2824 1199 2898; x_wconf 90' lang='lat' dir='ltr'>potest</span> 
     </span>
     <span class='ocr_line' id='line_1_29' title="bbox 192 2910 1197 2987; baseline 0.003 -22"><span class='ocrx_word' id='word_1_230' title='bbox 192 2912 324 2986; x_wconf 84' lang='lat' dir='ltr'>separari.</span> <span class='ocrx_word' id='word_1_231' title='bbox 371 2912 472 2970; x_wconf 87' lang='lat' dir='ltr'>vultus</span> <span class='ocrx_word' id='word_1_232' title='bbox 495 2914 647 2987; x_wconf 89' lang='lat' dir='ltr'>pertinent</span> <span class='ocrx_word' id='word_1_233' title='bbox 670 2912 708 2970; x_wconf 92' lang='lat' dir='ltr'>ad</span> <span class='ocrx_word' id='word_1_234' title='bbox 731 2914 864 2987; x_wconf 88' lang='lat' dir='ltr'>corporis</span> <span class='ocrx_word' id='word_1_235' title='bbox 887 2910 1019 2985; x_wconf 89' lang='lat' dir='ltr'>laudern,</span> <span class='ocrx_word' id='word_1_236' title='bbox 1044 2910 1136 2969; x_wconf 85' lang='lat' dir='ltr'>verba</span> <span class='ocrx_word' id='word_1_237' title='bbox 1160 2911 1197 2968; x_wconf 91' lang='lat' dir='ltr'>ad</span> 
     </span>
     <span class='ocr_line' id='line_1_30' title="bbox 193 3001 1198 3075; baseline 0.002 -20"><span class='ocrx_word' id='word_1_238' title='bbox 193 3001 277 3058; x_wconf 80' lang='lat' dir='ltr'>enimi</span> <span class='ocrx_word' id='word_1_239' title='bbox 308 3001 568 3075; x_wconf 82' lang='lat' dir='ltr'>praedicationem.</span> <span class='ocrx_word' id='word_1_240' title='bbox 614 3020 666 3059; x_wconf 79' lang='lat' dir='ltr'>uec</span> <span class='ocrx_word' id='word_1_241' title='bbox 693 3002 846 3074; x_wconf 81' lang='lat' dir='ltr'>piacidum</span> <span class='ocrx_word' id='word_1_242' title='bbox 877 3002 1012 3059; x_wconf 79' lang='lat' dir='ltr'>memhris</span> <span class='ocrx_word' id='word_1_243' title='bbox 1044 3001 1096 3058; x_wconf 82' lang='lat' dir='ltr'>dat</span> <span class='ocrx_word' id='word_1_244' title='bbox 1125 3018 1198 3059; x_wconf 80' lang='lat' dir='ltr'>carc</span> 
     </span>
     <span class='ocr_line' id='line_1_31' title="bbox 165 3088 1198 3165; baseline 0 -18"><span class='ocrx_word' id='word_1_245' title='bbox 165 3088 321 3153; x_wconf 68' lang='lat' dir='ltr'>amicans</span> <span class='ocrx_word' id='word_1_246' title='bbox 357 3090 503 3148; x_wconf 86' lang='lat' dir='ltr'>diversam</span> <span class='ocrx_word' id='word_1_247' title='bbox 531 3093 669 3149; x_wconf 90' lang='lat' dir='ltr'>naturam</span> <span class='ocrx_word' id='word_1_248' title='bbox 698 3093 787 3165; x_wconf 88' lang='lat' dir='ltr'>poeta</span> <span class='ocrx_word' id='word_1_249' title='bbox 815 3090 910 3149; x_wconf 87' lang='lat' dir='ltr'>voluit</span> <span class='ocrx_word' id='word_1_250' title='bbox 938 3107 1000 3148; x_wconf 90' lang='lat' dir='ltr'>esse</span> <span class='ocrx_word' id='word_1_251' title='bbox 1029 3090 1139 3146; x_wconf 87' lang='lat' dir='ltr'>amoris</span> <span class='ocrx_word' id='word_1_252' title='bbox 1167 3091 1198 3147; x_wconf 90' lang='lat' dir='ltr'>et</span> 
     </span>
     <span class='ocr_line' id='line_1_32' title="bbox 195 3169 1236 3254; baseline 0 -18"><span class='ocrx_word' id='word_1_253' title='bbox 195 3180 292 3236; x_wconf 74' lang='lat' dir='ltr'>Samni:</span> <span class='ocrx_word' id='word_1_254' title='bbox 324 3196 444 3237; x_wconf 85' lang='lat' dir='ltr'>somnus</span> <span class='ocrx_word' id='word_1_255' title='bbox 472 3180 582 3254; x_wconf 93' lang='lat' dir='ltr'>quippe</span> <span class='ocrx_word' id='word_1_256' title='bbox 606 3181 739 3254; x_wconf 89' lang='lat' dir='ltr'>quietam</span> <span class='ocrx_word' id='word_1_257' title='bbox 763 3179 861 3237; x_wconf 89' lang='lat' dir='ltr'>sedem</span> <span class='ocrx_word' id='word_1_258' title='bbox 885 3179 1014 3253; x_wconf 88' lang='lat' dir='ltr'>quaerit,</span> <span class='ocrx_word' id='word_1_259' title='bbox 1037 3177 1093 3236; x_wconf 93' lang='lat' dir='ltr'>hoc</span> <span class='ocrx_word' id='word_1_260' title='bbox 1115 3180 1197 3236; x_wconf 87' lang='lat' dir='ltr'>tene·</span> <span class='ocrx_word' id='word_1_261' title='bbox 1229 3169 1236 3174; x_wconf 61' lang='grc'><strong>’</strong></span> 
     </span>
     <span class='ocr_line' id='line_1_33' title="bbox 195 3254 1197 3349; baseline -0.001 -25"><span class='ocrx_word' id='word_1_262' title='bbox 195 3254 272 3324; x_wconf 65' lang='lat' dir='ltr'>batur</span> <span class='ocrx_word' id='word_1_263' title='bbox 298 3267 427 3342; x_wconf 80' lang='lat' dir='ltr'>Aeneas,</span> <span class='ocrx_word' id='word_1_264' title='bbox 452 3269 598 3349; x_wconf 31' lang='lat' dir='ltr'>&#39;quoniam</span> <span class='ocrx_word' id='word_1_265' title='bbox 626 3270 736 3343; x_wconf 92' lang='lat' dir='ltr'>quietis</span> <span class='ocrx_word' id='word_1_266' title='bbox 765 3268 872 3327; x_wconf 89' lang='lat' dir='ltr'>animis</span> <span class='ocrx_word' id='word_1_267' title='bbox 900 3267 972 3342; x_wconf 72' lang='lat' dir='ltr'>fuit,</span> <span class='ocrx_word' id='word_1_268' title='bbox 1010 3268 1113 3325; x_wconf 90' lang='lat' dir='ltr'>contra</span> <span class='ocrx_word' id='word_1_269' title='bbox 1145 3266 1197 3324; x_wconf 91' lang='lat' dir='ltr'>ubi</span> 
     </span>
    </p>
   </div>
   <div class='ocr_carea' id='block_1_3' title="bbox 197 3365 394 3386">
    <p class='ocr_par' dir='ltr' id='par_1_3' title="bbox 197 3365 394 3386">
     <span class='ocr_line' id='line_1_34' title="bbox 197 3365 394 3386; baseline 0 0"><span class='ocrx_word' id='word_1_270' title='bbox 197 3365 394 3386; x_wconf 23' lang='lat'>&amp;-</span> 
     </span>
    </p>
   </div>
   <div class='ocr_carea' id='block_1_4' title="bbox 137 3437 1211 3799">
    <p class='ocr_par' dir='ltr' id='par_1_4' title="bbox 137 3437 1211 3799">
     <span class='ocr_line' id='line_1_35' title="bbox 211 3437 1197 3507; baseline 0.002 -19"><span class='ocrx_word' id='word_1_271' title='bbox 211 3496 215 3506; x_wconf 39' lang='grc' dir='ltr'>Ι</span> <span class='ocrx_word' id='word_1_272' title='bbox 257 3441 270 3488; x_wconf 81' lang='grc'><strong>7</strong></span> <span class='ocrx_word' id='word_1_273' title='bbox 286 3439 446 3507; x_wconf 80' lang='lat' dir='ltr'>praecipuis</span> <span class='ocrx_word' id='word_1_274' title='bbox 464 3437 516 3489; x_wconf 85' lang='lat' dir='ltr'>LR</span> <span class='ocrx_word' id='word_1_275' title='bbox 531 3456 577 3506; x_wconf 81' lang='lat' dir='ltr'>pr.</span> <span class='ocrx_word' id='word_1_276' title='bbox 591 3440 740 3493; x_wconf 79' lang='lat' dir='ltr'>uirtutibus</span> <span class='ocrx_word' id='word_1_277' title='bbox 759 3438 824 3491; x_wconf 79' lang='lat' dir='ltr'>edF.</span> <span class='ocrx_word' id='word_1_278' title='bbox 842 3441 845 3506; x_wconf 91' lang='grc' dir='ltr'>Ι</span> <span class='ocrx_word' id='word_1_279' title='bbox 862 3442 1000 3492; x_wconf 65' lang='lat' dir='ltr'>venenate</span> <span class='ocrx_word' id='word_1_280' title='bbox 1018 3437 1048 3490; x_wconf 90' lang='lat' dir='ltr'>L.</span> <span class='ocrx_word' id='word_1_281' title='bbox 1064 3438 1070 3505; x_wconf 79' lang='grc' dir='ltr'>Ι</span> <span class='ocrx_word' id='word_1_282' title='bbox 1088 3437 1197 3505; x_wconf 82' lang='lat' dir='ltr'>primus</span> 
     </span>
     <span class='ocr_line' id='line_1_36' title="bbox 199 3492 1141 3578; baseline 0.017 -33"><span class='ocrx_word' id='word_1_283' title='bbox 199 3492 254 3555; x_wconf 75' lang='lat' dir='ltr'>ther</span> <span class='ocrx_word' id='word_1_284' title='bbox 268 3506 319 3561; x_wconf 84' lang='lat' dir='ltr'>LR</span> <span class='ocrx_word' id='word_1_285' title='bbox 333 3512 426 3578; x_wconf 80' lang='lat' dir='ltr'>primo</span> <span class='ocrx_word' id='word_1_286' title='bbox 445 3511 514 3563; x_wconf 77' lang='lat' dir='ltr'>libre</span> <span class='ocrx_word' id='word_1_287' title='bbox 530 3514 611 3578; x_wconf 81' lang='lat' dir='ltr'>poeta</span> <span class='ocrx_word' id='word_1_288' title='bbox 630 3509 672 3563; x_wconf 86' lang='lat' dir='ltr'>ed.</span> <span class='ocrx_word' id='word_1_289' title='bbox 761 3515 791 3562; x_wconf 77' lang='lat'>12</span> <span class='ocrx_word' id='word_1_290' title='bbox 812 3509 943 3563; x_wconf 81' lang='lat' dir='ltr'>accederit</span> <span class='ocrx_word' id='word_1_291' title='bbox 962 3507 1014 3560; x_wconf 83' lang='lat' dir='ltr'>LR</span> <span class='ocrx_word' id='word_1_292' title='bbox 1032 3523 1100 3561; x_wconf 87' lang='lat' dir='ltr'>corr.</span> <span class='ocrx_word' id='word_1_293' title='bbox 1120 3525 1141 3562; x_wconf 92' lang='lat' dir='ltr'>r.</span> 
     </span>
     <span class='ocr_line' id='line_1_37' title="bbox 137 3568 1211 3652; baseline -0.002 -19"><span class='ocrx_word' id='word_1_294' title='bbox 137 3643 140 3652; x_wconf 13' lang='grc' dir='ltr'>ἢ</span> <span class='ocrx_word' id='word_1_295' title='bbox 199 3568 359 3650; x_wconf 51' lang='lat' dir='ltr'>litterum.</span> <span class='ocrx_word' id='word_1_296' title='bbox 371 3581 413 3634; x_wconf 92' lang='lat' dir='ltr'>ed.</span> <span class='ocrx_word' id='word_1_297' title='bbox 471 3587 503 3634; x_wconf 87' lang='grc'>16</span> <span class='ocrx_word' id='word_1_298' title='bbox 518 3587 544 3634; x_wconf 83' lang='lat' dir='ltr'>et</span> <span class='ocrx_word' id='word_1_299' title='bbox 558 3581 695 3635; x_wconf 73' lang='lat' dir='ltr'>Mercurii</span> <span class='ocrx_word' id='word_1_300' title='bbox 708 3580 751 3633; x_wconf 89' lang='lat' dir='ltr'>ed.</span> <span class='ocrx_word' id='word_1_301' title='bbox 770 3584 774 3649; x_wconf 75' lang='grc' dir='ltr'>Ι</span> <span class='ocrx_word' id='word_1_302' title='bbox 790 3598 823 3636; x_wconf 83' lang='lat' dir='ltr'>ac</span> <span class='ocrx_word' id='word_1_303' title='bbox 836 3580 972 3634; x_wconf 80' lang='lat' dir='ltr'>Durdcuc&#39;</span> <span class='ocrx_word' id='word_1_304' title='bbox 989 3579 1036 3634; x_wconf 86' lang='lat' dir='ltr'>ed.</span> <span class='ocrx_word' id='word_1_305' title='bbox 1087 3584 1129 3631; x_wconf 64' lang='lat' dir='ltr'>‘nt</span> <span class='ocrx_word' id='word_1_306' title='bbox 1146 3596 1211 3632; x_wconf 73' lang='lat' dir='ltr'>aaa</span> 
     </span>
     <span class='ocr_line' id='line_1_38' title="bbox 138 3647 1171 3724; baseline -0.004 -21"><span class='ocrx_word' id='word_1_307' title='bbox 138 3664 141 3689; x_wconf 51' lang='lat'>¹·</span> <span class='ocrx_word' id='word_1_308' title='bbox 195 3647 300 3724; x_wconf 59' lang='lat' dir='ltr'>urnam</span> <span class='ocrx_word' id='word_1_309' title='bbox 317 3668 429 3705; x_wconf 83' lang='lat' dir='ltr'>causam</span> <span class='ocrx_word' id='word_1_310' title='bbox 448 3668 498 3705; x_wconf 88' lang='lat' dir='ltr'>ern.</span> <span class='ocrx_word' id='word_1_311' title='bbox 519 3670 583 3707; x_wconf 76' lang='lat' dir='ltr'>nam</span> <span class='ocrx_word' id='word_1_312' title='bbox 602 3651 737 3723; x_wconf 88' lang='lat' dir='ltr'>interpol.</span> <span class='ocrx_word' id='word_1_313' title='bbox 758 3652 803 3709; x_wconf 88' lang='lat' dir='ltr'>ed.</span> <span class='ocrx_word' id='word_1_314' title='bbox 872 3659 911 3707; x_wconf 70' lang='grc' dir='ltr'><strong>Ἃ</strong></span> <span class='ocrx_word' id='word_1_315' title='bbox 929 3653 1007 3708; x_wconf 72' lang='lat' dir='ltr'>utcu</span> <span class='ocrx_word' id='word_1_316' title='bbox 1025 3651 1102 3720; x_wconf 78' lang='lat' dir='ltr'>qued</span> <span class='ocrx_word' id='word_1_317' title='bbox 1120 3649 1171 3701; x_wconf 71' lang='lat' dir='ltr'>sd.</span> 
     </span>
     <span class='ocr_line' id='line_1_39' title="bbox 197 3705 1071 3799; baseline 0.008 -31"><span class='ocrx_word' id='word_1_318' title='bbox 197 3705 223 3754; x_wconf 68' lang='lat'>2¹</span> <span class='ocrx_word' id='word_1_319' title='bbox 239 3720 360 3772; x_wconf 64' lang='lat' dir='ltr'>celtae</span> <span class='ocrx_word' id='word_1_320' title='bbox 375 3723 461 3775; x_wconf 69' lang='lat' dir='ltr'>auelli</span> <span class='ocrx_word' id='word_1_321' title='bbox 474 3742 490 3775; x_wconf 88' lang='lat' dir='ltr'>r</span> <span class='ocrx_word' id='word_1_322' title='bbox 508 3724 551 3777; x_wconf 87' lang='lat' dir='ltr'>ed.</span> <span class='ocrx_word' id='word_1_323' title='bbox 630 3732 664 3782; x_wconf 85' lang='lat'>32</span> <span class='ocrx_word' id='word_1_324' title='bbox 687 3730 759 3799; x_wconf 77' lang='lat' dir='ltr'>qaia</span> <span class='ocrx_word' id='word_1_325' title='bbox 780 3731 877 3799; x_wconf 82' lang='lat' dir='ltr'>quieto</span> <span class='ocrx_word' id='word_1_326' title='bbox 897 3727 1001 3783; x_wconf 79' lang='lat' dir='ltr'>auimo</span> <span class='ocrx_word' id='word_1_327' title='bbox 1021 3724 1071 3777; x_wconf 79' lang='lat' dir='ltr'>ed.</span> 
     </span>
    </p>
   </div>
   <div class='ocr_carea' id='block_1_5' title="bbox 965 3814 1025 3873">
    <p class='ocr_par' dir='ltr' id='par_1_5' title="bbox 965 3814 1025 3873">
     <span class='ocr_line' id='line_1_40' title="bbox 965 3814 1025 3873; baseline -0.05 0"><span class='ocrx_word' id='word_1_328' title='bbox 965 3814 1025 3873; x_wconf 62' lang='lat' dir='ltr'>hh*</span> 
     </span>
    </p>
   </div>
   <div class='ocr_carea' id='block_1_6' title="bbox 0 0 1372 4159">
    <p class='ocr_par' dir='ltr' id='par_1_6' title="bbox 0 0 1372 4159">
     <span class='ocr_line' id='line_1_41' title="bbox 0 0 1372 4159; baseline 0 3"><span class='ocrx_word' id='word_1_329' title='bbox 0 0 1372 4159; x_wconf 95' lang='lat' dir='ltr'> </span> 
     </span>
    </p>
   </div>
  </div>
 </body>
</html>
