2734 4159
199 333 267 401 508
483 332 623 391 ΒΟΝΑΤΙ
639 334 810 390 INTERPR.
829 333 937 389 VERG.

196 500 285 564 ¹Iouis¹
305 505 363 563 hue
386 501 501 579 venio“,
524 507 559 562 ut
581 502 619 562 ab
643 524 678 563 eo
706 506 829 563 missurn
851 504 932 563 eredi
955 505 1111 579 potuisset
1151 508 1218 564 sote

149 595 286 654 tremiti
307 597 369 653 otto
392 594 549 668 quondam
571 593 643 653 dum
664 597 727 654 vita
748 595 898 663 monebat,
921 611 988 653 eure
1010 594 1121 667 meeis,
1152 597 1218 653 note

202 684 311 743 Iliacis
335 685 454 742 emate
475 683 564 756 fatis:
585 683 736 759 principia
759 702 794 741 ex
815 700 943 759 persona
966 684 1061 759 patris
1081 681 1218 758 adposita

200 772 313 831 blanda
335 775 366 830 et
387 771 527 850 religiosa
550 774 581 831 et
604 790 681 847 quae
703 775 773 848 post
795 775 921 831 mortem
940 790 1058 848 quoque
1076 770 1219 847 pietatem

201 860 333 920 debitam
345 864 541 921 testarentur:
560 861 627 920 vult
644 863 725 920 enim
738 859 833 919 filium
851 861 969 920 labores
988 862 1085 919 omnis
1103 862 1252 937 patriast

201 952 301 1026 potins
324 950 389 1009 fato
413 952 559 1009 sustinere
582 970 672 1026 quam
697 968 750 1009 suo
769 953 800 1009 et
822 951 919 1027 ipsius
939 950 1035 1009 adhue
1052 949 1219 1009 infortunia

201 1040 370 1116 perdurare.
414 1039 473 1098 hoe
494 1038 562 1098 ideo
585 1039 713 1114 dicebat,
733 1042 770 1097 ut
792 1039 954 1117 cogitantis
977 1041 1077 1097 aestus
1101 1038 1218 1097 abrum-

200 1132 285 1204 peret
303 1132 334 1187 et
346 1147 451 1187 revera
464 1128 555 1187 Ilium
569 1128 658 1188 fatali
671 1130 788 1188 ratione
804 1129 916 1204 perisse
930 1128 1073 1201 firmaret,
1097 1127 1218 1187 Aenean

201 1237 271 1276 vero
295 1219 363 1296 engi
386 1217 418 1275 in
440 1219 511 1292 alia,
534 1218 586 1277 sed
609 1220 640 1276 in
663 1216 815 1277 infinitum
833 1217 954 1277 modum
977 1216 1066 1294 longe
1085 1218 1217 1277 meliora.

200 1309 323 1380 imperio
342 1308 424 1367 Iovis
441 1309 498 1367 huo
514 1310 614 1367 venio:
631 1311 666 1366 ut
683 1309 804 1384 praeter
817 1324 950 1366 amorem
968 1306 1102 1382 patrium
1121 1308 1217 1366 osten-
1230 1325 1252 1365 u

201 1395 285 1456 deret
314 1412 344 1455 se
372 1396 503 1456 iubentis
531 1396 611 1455 Iovis
640 1398 820 1455 auctoritate
850 1396 1009 1469 directum,
1043 1414 1101 1470 quo
1131 1396 1218 1456 sciret

202 1486 317 1545 Aeneas
340 1485 406 1544 fieri
427 1485 534 1544 debere
557 1485 637 1561 quod
655 1488 734 1545 esset
751 1485 803 1543 ille
822 1485 965 1544 dicturus.
1007 1487 1058 1558 que
1076 1483 1218 1544 ansteus

200 1578 296 1650 were
319 1574 444 1649 depulit:
467 1574 630 1632 audiendus
654 1577 708 1649 est,
730 1576 844 1651 inquit,
871 1575 955 1633 euius
982 1575 1015 1631 in
1041 1572 1218 1632 liberatione

200 1663 323 1722 narium
346 1663 465 1723 sensisti
487 1661 670 1721 beneficium.
718 1668 744 1722 et
766 1664 844 1723 eaelo
866 1664 984 1722 tandem
1002 1665 1160 1722 miserans
1182 1664 1218 1721 ab

199 1754 259 1812 olto
283 1756 338 1811 eet:
366 1751 598 1811 contemnendus
616 1771 681 1810 non
709 1753 833 1812 esthon
857 1752 904 1811 vel
932 1754 1061 1810 maxime
1084 1753 1218 1827 tempora
1231 1768 1251 1809 u

202 1860 262 1917 quo
285 1843 387 1900 noster
408 1840 510 1899 fautor
533 1858 596 1899 esse
621 1841 720 1917 eoepit
738 1844 769 1900 et
787 1860 822 1900 ex
840 1840 961 1900 inimico
981 1840 1102 1899 tandem
1121 1842 1218 1899 faetus

200 1933 247 1990 est
273 1931 366 1989 mitis.
411 1930 541 1989 emnildis
565 1948 643 2003 pare
672 1949 747 2003 quoe
772 1950 853 1990 nuno
876 1930 1078 2003 wentenum
1105 1930 1219 1989 Nautes

200 2021 253 2079 dot
269 2021 381 2078 senior:
404 2036 470 2077 eeee
489 2019 587 2094 ipsum
605 2019 727 2078 Nauten
746 2019 812 2078 vult
829 2038 890 2078 non
907 2014 1040 2078 humana
1054 2019 1219 2093 voluntate,

200 2107 252 2168 sed
274 2107 355 2168 Iovis
378 2107 409 2165 id
433 2106 513 2183 quod
530 2109 699 2184 ¹prudenter
722 2111 855 2172 senserat
881 2108 1042 2183 protulisse
1067 2110 1097 2167 et
1119 2108 1219 2184 ipsum

200 2197 323 2256 Aenean
352 2216 370 2255 a
394 2197 483 2273 eulpa
510 2199 592 2256 omni
618 2198 882 2273 relinquendorum
912 2198 943 2255 in
971 2197 1072 2257 aliena
1097 2199 1218 2274 regione
1232 2216 1256 2256 so

200 2286 348 2345 sociorum
376 2286 529 2345 evidenter
557 2290 690 2363 exeusat3
724 2286 917 2346 suadentibus
951 2288 1030 2345 enim
1057 2286 1159 2344 Naute
1189 2290 1220 2345 et

200 2377 286 2451 patre
310 2393 363 2435 suo
382 2377 496 2451 etipse
515 2376 586 2436 Iove
604 2377 726 2435 iubente
744 2377 842 2435 faeere
860 2376 1023 2453 cogebatur
1042 2375 1121 2452 quod
1140 2377 1220 2434 inter

147 2470 199 2519 730
208 2465 298 2523 initia
321 2463 520 2524 dubitaverat.
566 2466 651 2526 lentos
673 2469 804 2535 iuvenes,
831 2468 994 2539 fortissima
1021 2465 1111 2524 eorda
1138 2461 1220 2539 defer

200 2556 232 2613 in
256 2554 396 2613 Italiam:
424 2554 483 2613 duo
510 2558 580 2613 sunt
603 2575 679 2632 quae
704 2557 890 2632 spectantur,
918 2573 985 2612 enm
1012 2553 1153 2613 iuventus
1181 2554 1219 2612 ad

199 2642 340 2702 bellicum
364 2646 515 2702 certamen
543 2644 678 2722 eligitur,
707 2646 839 2719 eorporis
869 2643 1013 2702 habitudo
1042 2646 1072 2701 et
1100 2644 1219 2702 animus
1234 2663 1261 2703 as

199 2731 277 2791 liber
304 2734 386 2791 omni
411 2736 534 2792 terrore.
580 2733 653 2792 haee
680 2738 768 2810 pater
799 2733 862 2792 filio
893 2733 1024 2791 curanda
1054 2731 1220 2792 mandabat

200 2821 312 2880 addens
336 2820 375 2879 ad
398 2821 555 2881 eonsilium
574 2823 684 2882 Nautis
708 2823 789 2898 quod
811 2824 912 2881 fuerat
934 2841 988 2897 pro
1013 2840 1119 2880 eansae
1139 2839 1220 2880 eom-

199 2911 287 2970 modo
311 2913 521 2985 necessarium,
551 2931 605 2970 nee
627 2916 729 2970 tamen
758 2930 793 2971 ea
820 2911 899 2987 plasi
926 2930 987 2986 qua
1010 2911 1139 2986 Nautes3
1165 2911 1220 2969 ille

199 3002 280 3059 enim
303 3002 491 3061 enumeravit
514 3002 567 3075 qui
585 3004 684 3059 essent
702 2999 899 3075 relinquendi,
922 3001 971 3058 hio
992 3000 1028 3058 de
1046 2998 1113 3076 ipsa
1131 3002 1221 3076 parte

199 3090 344 3148 conticuit
367 3091 397 3147 et
420 3090 496 3148 dixit
518 3090 622 3165 quales
646 3092 744 3149 essent
770 3088 905 3147 dueendi.
951 3092 978 3148 si
1000 3089 1221 3149 consideremus
1237 3112 1264 3151 ao

199 3182 300 3237 tamen
323 3179 431 3237 horum
454 3183 598 3253 mentem,
622 3199 714 3238 unum
739 3180 829 3253 atque
852 3178 931 3236 idem
954 3179 1146 3237 invenientur
1169 3178 1219 3236 de-

199 3266 277 3327 disse
300 3268 474 3342 eonsilium3
502 3270 554 3343 qui
578 3270 654 3327 enim
685 3268 834 3343 persuasit
855 3267 1066 3343 relinquendos
1088 3267 1222 3341 inbellis,

272 3444 287 3491 1
307 3439 342 3492 ab
360 3440 420 3507 ipso
439 3438 482 3491 ed.
565 3443 580 3490 7
600 3440 726 3508 nouitatis
744 3436 769 3489 R
787 3438 923 3507 eoyitatus
941 3454 962 3490 r.
1041 3442 1056 3490 9
1076 3438 1221 3503 infinitum

199 3510 309 3564 modum
332 3510 410 3580 haye
429 3509 481 3562 La
503 3511 534 3563 io
558 3511 576 3562 i.
595 3527 629 3563 m.
651 3511 667 3563 l.
687 3527 702 3563 r
724 3509 756 3561 iso
779 3508 857 3632 louge
880 3508 922 3562 ed.
1016 3514 1048 3562 11
1067 3511 1221 3563 auotorita-

199 3586 250 3635 tem
268 3580 299 3636 L.
379 3580 587 3635 1eet01n.ed.
666 3586 699 3635 18
719 3578 815 3634 eoeeL
864 3585 962 3633 eeeeet
981 3578 1023 3633 ed.
1102 3585 1136 3631 20
1155 3581 1221 3632 reli-

198 3654 279 3725 oione
297 3656 328 3707 R.
410 3658 443 3707 16
462 3653 498 3707 ob
516 3653 592 3708 omni
610 3653 652 3708 ed.
731 3654 766 3705 28
784 3668 817 3704 ea
832 3651 909 3720 plani
926 3668 982 3718 quo
1000 3650 1053 3703 LR
1067 3658 1148 3718 parte
1166 3668 1221 3719 pro

184 3726 273 3793 plasi
288 3725 451 3797 suspicatur
468 3742 482 3778 r
500 3725 593 3779 eodem
612 3725 718 3779 meursii
736 3738 806 3791 quae
824 3721 867 3775 ed.
