2734 4159
481 318 484 321 ,
553 256 800 323 'AENEIDOSII
1133 251 1194 321 151

185 430 309 487 Teucria
326 429 413 487 laeta.
447 427 624 503 panduntur
636 430 750 499 partae,
768 428 852 485 iacal
868 428 912 486 ire
930 426 1082 487 etDors'ca
1099 430 1197 486 eastra

183 520 362 588 desertosque
385 516 482 574 aedae
504 517 580 585 lacos
602 516 727 588 lausque
748 516 893 574 relictam:
925 514 1080 577 moralitas
1108 516 1197 592 plena

183 607 238 665 hoc
262 606 327 663 loeo
350 606 548 678 monstratur,
570 603 623 662 ubi
645 603 724 662 enim
745 603 891 663 creditum
909 607 954 664 est
972 607 1002 663 et
1019 604 1203 665 multimodae

184 694 351 769 suspicione
374 693 526 751 firmatum
546 692 620 751 belli
642 692 757 752 rabiem
779 692 916 753 abscessu
934 693 1028 753 hostis
1047 711 1109 753 esse
1129 693 1195 753 sub-

157 787 310 855 smotam,
338 782 455 841 solutus
483 784 528 840 est
554 782 638 859 longi
659 782 802 858 temporis
825 782 924 841 luctus
948 785 979 840 et
1000 783 1196 841 reseravimus

184 875 295 948 portas,
319 873 384 930 ausi
407 873 479 946 quin
503 871 595 930 etiam
617 870 902 947 sumusprocedere
926 870 1134 946 aliquantum,
1151 892 1196 931 re-

183 964 277 1020 visere
301 962 366 1019 loca
390 979 472 1035 quae·
488 960 583 1020 hostis
605 959 764 1020 obsederat
785 963 816 1020 et
838 959 976 1036 deinceps
998 958 1130 1035 liquerat
1148 960 1196 1018 de-

184 1055 336 1125 sertosque
364 1049 464 1108 videre
492 1048 586 1123 locos,
613 1066 724 1109 vacuos
750 1049 790 1107 ab
817 1043 952 1109 hostibus
980 1067 1054 1125 quos
1086 1048 1198 1108 dudum

184 1140 301 1197 animus
334 1139 470 1214 oppletos
502 1139 650 1198 horrebat.
691 1156 768 1212 pars
794 1143 890 1213 stupet
915 1140 1056 1211 acceptae
1089 1140 1199 1197 denam
1217 1145 1249 1192 31

144 1251 170 1289 1o
185 1230 298 1287 exitiale
320 1230 476 1286 Minervae
499 1232 526 1286 et
546 1228 649 1287 matera
670 1229 819 1289 „araneae
837 1229 916 1302 epai:
938 1226 1125 1286 mirabantur
1144 1228 1197 1285 ali-

184 1320 236 1391 qui
254 1321 283 1375 et
303 1316 501 1376 subtilitatem
519 1317 593 1377 artis
604 1321 637 1376 et
651 1316 782 1377 fabricae
796 1315 1042 1395 magnitudinem.
1067 1318 1198 1389 primas·

184 1424 238 1477 que
268 1406 436 1478 Thymoetes
463 1407 532 1464 daei
557 1408 638 1465 iutra
663 1423 765 1468 maras
790 1408 923 1465 hortatae
951 1410 977 1464 et
1004 1423 1072 1465 arce
1098 1406 1198 1473 locari,
1232 1481 1235 1486 ⁴

183 1497 244 1552 siae
276 1496 341 1553 dolo
372 1512 424 1553 sea
450 1496 512 1553 iam
540 1496 647 1554 Troiae
673 1498 715 1553 sic
740 1496 806 1569 fata
832 1496 977 1569 ferebant:
1013 1494 1101 1553 huius
1130 1499 1203 1570 post

184 1584 296 1641 exitum
317 1604 417 1641 rerum
441 1584 589 1643 sententia
610 1584 748 1649 venitin
772 1584 895 1643 dubium
918 1588 957 1658 et,
980 1583 1051 1659 quia
1069 1583 1145 1642 nihil
1163 1602 1198 1641 ex

143 1694 169 1745 rs
185 1676 288 1748 aperto
316 1673 504 1746 constiterat,
532 1675 653 1748 partim¹
671 1673 833 1748 proditoris
856 1672 956 1738 animo
979 1675 1092 1749 partim
1113 1674 1198 1732 inno-

185 1765 284 1820 center
312 1764 436 1820 sensisse
465 1760 614 1821 iudieatus
642 1765 701 1836 est,
728 1762 795 1821 ideo
819 1761 966 1838 proditor,
990 1761 1061 1838 quia
1084 1764 1198 1837 primus

184 1856 296 1909 ceteros
320 1852 456 1910 hortatus
480 1854 526 1909 est
547 1854 583 1909 ut
598 1870 699 1927 equus
721 1850 934 1927 perduceretur
960 1870 1053 1926 usque
1081 1851 1121 1909 ad
1142 1851 1201 1910 Mi,

184 1959 291 1998 nervae
315 1941 469 2015 templum,
492 1938 558 2007 ideo
581 1940 736 2014 innocens,
760 1940 831 2015 quia
853 1940 1020 1999 maiorevi
1042 1939 1198 1999 constabat

185 2030 321 2090 interisse
353 2029 511 2104 imperinm
538 2030 653 2088 Troiae.
701 2034 732 2087 at
760 2029 858 2103 Coppa
890 2034 917 2089 et
947 2046 1071 2102 aemam
1097 2029 1199 2088 melior
1218 2034 1251 2082 35

143 2140 171 2178 ao
185 2122 325 2177 scatentia
356 2120 445 2176 raeate‘
477 2123 530 2177 aat
554 2120 661 2191 pelapo
688 2120 832 2177 Daaaaae
858 2119 997 2177 insidias,
1011 2122 1200 2191 suspectaque

185 2209 263 2265 doec
290 2210 487 2280 praeceptione
517 2208 618 2266 tabeat
647 2208 837 2280 subiectisque
867 2226 953 2266 arere
983 2208 1111 2279 dammis
1147 2212 1200 2266 aar

185 2298 328 2355 terebrare
351 2314 439 2354 cavas
466 2299 541 2355 atari
569 2301 595 2354 et
621 2301 761 2369 temptare
782 2298 924 2356 latebras:
962 2294 1069 2372 Capye,
1091 2296 1199 2373 inquit,

186 2390 215 2448 et
234 2386 286 2443 alii
306 2384 412 2443 melius
429 2386 603 2459 sentientem
622 2385 674 2444 sed
686 2403 752 2443 -non
770 2389 842 2443 tunc
860 2384 986 2443 iudicati
1004 2388 1074 2443 sunt
1092 2384 1198 2443 melius

185 2475 319 2547 sensisse,
334 2475 385 2533 sed
399 2478 469 2551 post
482 2474 629 2533 excidium
640 2474 755 2532 Troiae.
779 2476 884 2533 contra
893 2472 1004 2549 Capyis
1019 2475 1200 2532 sententiam

142 2583 170 2623 ae
185 2567 348 2622 tractantes
372 2564 433 2622 alia
455 2563 594 2622 dicebant
617 2563 762 2636 facienda,
785 2562 852 2621 ideo
876 2562 920 2622 ait
939 2563 1085 2621 vscinditur
1107 2565 1198 2622 iacer-

185 2657 246 2709 tara
260 2655 358 2711 stadia
371 2655 404 2710 ia
418 2655 566 2711 coatrarta
578 2654 692 2732 crapas.
725 2671 793 2710 cum
810 2653 908 2710 totum
927 2651 1199 2727 enim=suspieioni

185 2742 239 2799 bus
264 2746 409 2818 ageretur,
428 2741 503 2799 nihil
526 2742 626 2817 potuit
643 2745 724 2800 recte
743 2741 863 2799 firmari.
900 2740 973 2816 quid
992 2760 1062 2820 ergo
1081 2741 1200 2800 dicebat

186 2850 254 2905 pars
274 2850 351 2905 quae
370 2834 474 2888 contra
493 2830 674 2905 Thymoetis'
686 2830 845 2889 arbitrium
864 2828 1030 2889 senserat?
1052 2830 1130 2889 dona
1146 2832 1199 2888 ho·

186 2920 276 2977 stium
304 2920 409 2977 debere
437 2938 500 2977 esse
528 2923 674 2995 suspecta,
702 2919 826 2995 proinde
853 2918 1200 2995 tradenda-praecipitia

143 3014 239 3068 aeaut
262 3008 462 3067 consumenda
484 3009 620 3068 incendio
645 3007 897 3072 autterebrando
919 3008 1102 3084 temptanda.
1143 3016 1145 3021 '
1170 3013 1172 3019 '

258 3222 274 3267 5
293 3216 442 3268 serapionas
460 3213 485 3264 R
504 3226 572 3266 corr.
591 3231 654 3265 r=
669 3213 698 3266 L.
765 3219 779 3265 7
799 3214 916 3281 liquerat
934 3211 986 3265 th
1004 3212 1101 3266 licebat
1120 3211 1163 3264 ed.

187 3291 203 3337 8
222 3303 271 3352 qae
286 3286 394 3338 omed.
411 3287 416 3354 1
432 3284 662 3340 recusassem
675 3291 715 3338 eet
732 3284 775 3338 ed.
806 3336 808 3339 Α
834 3290 865 3337 lb
883 3285 984 3339 sentire
1002 3283 1044 3336 ed.
1096 3287 1134 3334 ,23
1153 3282 1200 3336 sed

186 3356 239 3408 LR
257 3359 306 3425 pai
323 3375 344 3409 r.
362 3360 366 3426 Ι
382 3356 536 3410 iudicantes
554 3355 580 3407 R
597 3355 716 3409 iudicati
733 3362 799 3409 suat
816 3372 878 3407 r=
893 3355 923 3407 L.
983 3359 1017 3405 24
1038 3355 1129 3423 Capys
1147 3352 1200 3405 LR

186 3427 218 3495 (L
238 3445 301 3480 cum
320 3430 425 3496 puncto
445 3428 496 3480 sub
515 3430 543 3496 p)
563 3427 605 3479 ed.
627 3427 726 3497 Cappa
744 3426 787 3480 ed.
807 3428 879 3494 post.
900 3425 1004 3495 Capyis
1021 3442 1080 3479 nos.
1106 3427 1110 3493 Ι
1140 3441 1199 3479 sea·

186 3501 299 3552 teratiara
322 3516 375 3552 om.
396 3499 461 3553 edF.
559 3503 593 3551 29
609 3498 759 3566 praecipato?
775 3498 806 3550 id
825 3497 846 3549 L
861 3498 1030 3565 praecipitia
1047 3497 1078 3550 e‘d
1096 3496 1122 3548 R
1140 3495 1200 3566 (sed

186 3571 221 3691 id]
245 3570 395 3693 dehtipse)
418 3571 583 3638 praecipitio
606 3588 620 3621 r
646 3571 678 3622 ia
701 3585 832 3637 praeceps
858 3568 942 3622 a'e'deaa
965 3567 1008 3622 ed.
1036 3568 1121 3621 iidem
1139 3567 1216 3633 dei„

186 3657 201 3692 e
224 3658 322 3711 .poe.
700 3693 702 3698 ,
1098 3686 1100 3689 ,
1139 3683 1142 3689 .
1166 3678 1169 3683 .
1238 3671 1240 3675 -
