2734 4159
513 291 523 311 “
566 320 748 375 snnnmcs
767 321 806 375 rv
1132 320 1197 385 401

181 510 221 550 err
244 507 309 549 mee
331 489 503 564 Pyprneliou
528 491 599 548 dum
625 492 739 549 moenie
767 492 862 564 freter
889 492 1039 550 destruat?
1083 490 1197 563 infelix,
1255 511 1259 517 ·

179 581 289 655 inquit,
302 580 423 638 fortuna
441 598 507 637 mea
526 579 600 655 quid
618 579 744 638 ulterius
763 574 873 654 sperat,
888 582 915 638 si
932 580 1080 639 maiorum
1098 599 1196 640 moras

181 670 330 744 adquirat,
354 671 403 727 cui
425 669 603 743 supplicium
628 672 659 727 et
682 688 700 726 a
722 669 815 727 fratre
839 669 983 727 metuitur
1005 672 1035 727 et
1060 669 1198 728 laborum

179 777 323 831 meorum,
352 776 425 833 quos
448 760 481 815 in
504 761 590 815 tanta
613 757 686 815 urbe
710 756 862 816 condenda
886 759 1063 833 consumpsi,
1091 759 1197 833 plenus

152 849 354 922 senpectatur
371 844 531 906 interitus?
568 850 621 905 eat
638 851 755 920 reptem
772 848 861 906 ducet
880 846 1023 906 Goetwrs
1042 847 1197 906 Hiarbus?
1222 869 1224 872 ·

181 939 235 994 aut
261 956 308 994 me
337 934 481 995 Gaetulus
509 935 639 994 Hiarbas
667 936 757 995 ducat
789 934 950 994 abductam
977 939 1007 995 et
1034 936 1082 995 cui
1112 936 1197 996 salva

179 1026 336 1083 honestate
359 1024 466 1103 negavi
489 1026 610 1099 nuptias
633 1043 715 1084 meas
738 1025 828 1083 ducat
850 1025 991 1100 invitam,
1018 1025 1108 1084 ducat
1131 1044 1196 1101 per·

181 1115 245 1172 dita
264 1114 403 1172 libertate
423 1112 595 1188 captivam?
625 1112 746 1172 Gaetuli
760 1118 790 1171 et
804 1114 935 1173 Hiarbae
951 1114 1113 1190 appellatio
1129 1132 1196 1173 eon·

180 1205 251 1261 vicii
275 1221 365 1261 causa
387 1203 486 1278 posita
510 1205 562 1262 est.
608 1204 711 1261 saltem
732 1206 759 1261 si
782 1220 841 1275 que
863 1204 935 1262 melei
957 1205 992 1262 de
1015 1207 1041 1262 te
1063 1208 1195 1276 suscepte

138 1294 284 1364 refecisset
315 1294 382 1350 arete
413 1293 515 1365 sapora
547 1293 672 1361 suboles,
704 1294 731 1351 si
758 1294 824 1364 qais
850 1293 922 1351 mar
948 1294 1097 1364 parratas
1123 1293 1196 1353 aare

179 1383 290 1440 lederet
315 1378 446 1449 Aeaeus,
478 1383 529 1454 qut
558 1386 583 1439 te
610 1385 707 1440 temere
734 1398 783 1439 ore
808 1382 942 1454 referret,
968 1399 1029 1440 rore
1056 1383 1186 1454 equidem
1196 1389 1249 1437 330

179 1472 295 1529 eamme
318 1474 404 1542 eapte
427 1487 463 1527 ac
485 1471 597 1529 deserte
619 1472 748 1530 nidera:
770 1470 879 1529 saltem
902 1472 929 1530 si
947 1472 1128 1547 contigisset,
1147 1474 1193 1529 in-

179 1562 257 1635 quit,
285 1563 319 1618 ut
347 1563 415 1617 ante
443 1559 547 1636 fugam
571 1563 669 1634 tuam,
697 1578 756 1617 nen
779 1559 856 1618 dixit
878 1563 949 1619 ante
972 1560 1195 1637 navigationem

178 1652 262 1706 tuam
286 1652 339 1706 ant
362 1652 431 1707 ante
455 1647 621 1707 abscessum
645 1651 739 1722 tuum,
764 1667 840 1723 quae
863 1649 961 1707 solent
978 1666 1041 1706 esse
1059 1649 1194 1723 honesta,

136 1758 164 1797 rs
178 1738 230 1795 sed
253 1739 369 1813 fugam,
399 1756 474 1812 quae
497 1737 596 1795 fuerat
618 1738 728 1813 turpis,
757 1740 792 1795 ut
814 1741 986 1797 nasceretur
1007 1738 1084 1795 mihi
1106 1757 1141 1796 ex
1165 1743 1193 1797 te

179 1826 295 1886 suboles
319 1826 422 1901 aliqua
444 1828 491 1884 tui
514 1827 614 1887 vultus
636 1826 864 1885 similitudinem
882 1830 1006 1904 portans
1025 1830 1055 1885 et
1074 1829 1194 1904 signata

178 1917 296 1973 nomine
325 1919 376 1973 tuo
405 1916 436 1972 in
464 1915 534 1973 aula
561 1933 627 1972 mea
654 1915 784 1989 luderet,
813 1919 890 1974 esset
917 1917 1061 1975 solacium
1089 1917 1192 1975 solitu·

179 2004 257 2062 dinis
280 2024 363 2063 meae
386 2022 440 2062 nee
463 2002 580 2062 viderer
604 2022 621 2061 a
644 2006 674 2061 11
697 2006 729 2063 in
752 2007 851 2063 totum
874 2005 1020 2064 destituta
1043 2005 1091 2063 vel
1110 2005 1192 2064 duris

178 2094 339 2170 angoribus
363 2096 458 2169 capta.
661 2098 663 2102 ’

136 2202 164 2241 ro
244 2183 385 2241 Diceret:
421 2181 496 2239 dixit
523 2180 601 2240 Dido
634 2201 688 2257 pro
722 2201 810 2242 causa
843 2201 899 2241 sua
930 2183 1072 2260 adlegans
1104 2183 1192 2258 iusta,

177 2272 316 2346 humana,
340 2270 517 2342 miseranda,
543 2290 619 2346 quae
643 2272 762 2330 Aeneae
785 2275 916 2329 mentem
938 2272 1054 2331 flectere
1077 2273 1191 2348 potuis·

177 2364 243 2418 sent
276 2365 306 2419 et
338 2360 485 2419 deberent.
532 2360 689 2419 constabat
720 2362 800 2419 enim
833 2363 924 2420 etiam
955 2363 1054 2437 ipsum
1083 2381 1191 2439 magno

176 2449 289 2525 pudore
310 2449 458 2520 confundi,
477 2452 581 2524 utpote
606 2452 658 2524 qui
680 2451 802 2528 ingrati,
822 2452 875 2525 qui
897 2450 1023 2524 fallacis,
1043 2452 1095 2525 qui
1113 2452 1191 2529 fugi·

176 2539 232 2595 tivi
255 2557 411 2613 personam
436 2541 540 2597 contra
562 2540 736 2596 institutum
758 2557 846 2597 suum
863 2539 934 2597 Iove
953 2542 1076 2616 cogente
1094 2558 1191 2598 susce-

135 2647 162 2685 15
176 2629 278 2702 pisset.
331 2627 382 2686 sed
414 2628 465 2686 ille
499 2627 662 2686 adsistebat
693 2631 864 2686 reverenter
895 2627 1070 2687 caelestibus
1102 2629 1190 2688 iussis

175 2716 301 2791 ideoque
319 2721 409 2791 poeta
428 2716 503 2775 dixit
521 2718 570 2775 ille
583 2717 664 2775 Iocis
680 2720 799 2776 moritis
811 2720 922 2775 tramete
936 2716 1047 2775 terrebat
1060 2718 1191 2777 lamiae:

177 2806 290 2863 scilicet
313 2824 372 2863 non
395 2807 554 2880 respiciens
578 2825 655 2882 quae
677 2808 799 2882 rogaret
822 2824 875 2864 nec
897 2806 1036 2865 lacrimas
1060 2808 1190 2865 1111111-

175 2894 298 2952 tendens
328 2894 425 2953 solum
452 2894 554 2953 Iovem
586 2894 709 2954 videbat
740 2896 854 2967 animo,
886 2895 983 2954 solum
1010 2898 1090 2954 stare
1120 2899 1201 2971 ante¹

176 2983 276 3041 oculos
299 3002 376 3056 suos,
395 3001 413 3040 a
433 2986 515 3042 cuius
539 2987 707 3061 praeceptis
730 2986 843 3043 moveri
866 3002 926 3043 non
947 2986 1075 3058 poterat.
1111 2985 1190 3045 hunc

247 3213 262 3257 1
281 3208 348 3275 quid
367 3207 388 3259 L
407 3207 479 3275 qaod
497 3207 528 3259 in
546 3209 614 3275 qaid
632 3225 700 3264 corr.
715 3209 748 3263 R.
765 3212 770 3279 1
786 3210 922 3263 oratorum
940 3207 989 3260 LR
1009 3208 1126 3261 maiores
1144 3208 1188 3264 ed.

247 3284 262 3330 t
282 3286 420 3346 expectare
439 3277 490 3330 LR
509 3285 587 3333 atur
605 3280 648 3333 ed.
670 3283 673 3349 Ι
699 3280 834 3335 Gaetulus
852 3297 905 3334 om.
920 3279 974 3331 LR
992 3278 1056 3331 add.
1075 3296 1090 3331 r
1108 3279 1151 3333 ed.

175 3355 191 3401 6
215 3350 298 3404 ducat
323 3350 457 3403 Gaetulus
480 3351 606 3405 Hiarbas
628 3351 777 3406 adductam
799 3352 853 3404 LR
879 3351 963 3405 ducat
986 3349 1028 3402 ed.
1051 3350 1128 3404 Geet.
1148 3352 1187 3405 Η.

175 3420 256 3472 omisi
275 3423 307 3473 ut
325 3420 505 3474 manifestam
524 3422 749 3491 dittographiam
767 3423 914 3477 &doctam
937 3420 972 3476 cf.
988 3428 1012 3486 1,
1023 3426 1074 3473 631
1094 3437 1187 3476 1111111-

175 3491 248 3557 davi,
267 3508 334 3544 nam
352 3492 436 3546 ducat
453 3509 504 3561 pro
522 3493 553 3545 in
571 3493 781 3547 matrimonium
801 3493 887 3547 duest
900 3492 1028 3562 accipere
1042 3492 1161 3546 videtur.
1181 3494 1184 3564 l

174 3564 220 3617 crrr‘
237 3562 289 3615 LR
308 3566 332 3617 r's
350 3565 397 3617 eei
415 3564 458 3616 ed.
524 3569 538 3616 7
557 3581 631 3618 meas
648 3564 701 3617 LR
719 3582 792 3627 rmus
809 3582 850 3619 me
868 3563 911 3617 ed.
977 3570 1010 3617 10
1028 3566 1137 3618 subules
1155 3564 1185 3618 L.

229 3640 260 3687 11
281 3641 371 3689 tamea
390 3634 567 3689 Littamum
586 3635 629 3689 ed.
686 3640 719 3688 11
738 3652 771 3689 ae
788 3635 841 3688 LR
858 3636 969 3689 autad.
1026 3641 1059 3688 14
1077 3638 1187 3690 abuen-

173 3722 234 3759 sam
252 3705 282 3759 L.
339 3710 371 3757 18
391 3707 429 3760 ad
446 3713 471 3760 te
489 3705 549 3759 LR.
605 3711 639 3759 14
657 3707 835 3761 emutitrtrm
853 3705 917 3777 1111
937 3708 1093 3774 magistet
1111 3706 1140 3759 L.

227 3804 286 3844 Don.
300 3804 394 3852 interpr.
407 3805 476 3854 Verg.
494 3806 540 3845 vol.
550 3806 568 3845 Ι.
938 3799 976 3846 ‘bb
