2734 4159
568 330 808 405 nmmnos'rv
1134 348 1202 413 405

180 522 268 579 fieret
297 520 374 595 quod
403 520 534 593 dicebat,
562 519 677 578 addidit
702 522 832 595 tempus:
866 520 1015 594 quotiens,
1039 519 1096 593 ait,
1119 522 1205 578 astra

181 614 274 687 ignea
302 613 429 685 snrgunt
457 612 486 668 et
513 628 571 667 nox
597 610 696 685 operit
717 611 812 667 terras
836 611 866 666 et
889 626 1009 667 somnus
1032 628 1079 665 me
1102 607 1202 683 habet,

183 700 270 758 adest
297 698 349 756 ille
379 717 445 767 cum
468 697 609 775 gravibus
632 697 755 756 monitis
779 696 909 755 officium
932 715 1057 771 sequens
1080 697 1203 773 pietalis

183 791 215 848 et
238 789 342 863 patris.
380 804 425 845 me
442 806 521 860 puer
537 786 688 846 Ascanius
710 787 868 859 capitisque
886 787 1000 845 talaria
1018 787 1091 854 cart,
1109 789 1259 859 qoemstt

152 900 167 939 s
184 895 273 951 recreo
287 877 450 949 Hesperiae
462 876 573 949 [r·aado
587 882 613 934 et
625 876 768 948 fcleltlms
781 877 876 933 areis:
899 875 974 932 mihi
992 879 1083 951 atque
1102 876 1203 933 animo

183 985 250 1026 meo
270 966 400 1024 occurrit
418 983 484 1041 spes
502 964 547 1021 fili
565 967 633 1039 mei,
647 964 695 1025 cui
715 964 814 1023 deberi
833 965 991 1039 imperium
1005 963 1113 1022 Italiae
1133 963 1204 1038 scio,

183 1060 219 1113 ut
247 1073 296 1125 ne
313 1053 421 1123 abdam
448 1054 517 1113 illas
546 1057 639 1113 sortes
667 1057 698 1112 et
724 1053 894 1113 veneranda
925 1071 1075 1129 responsa.
1126 1070 1205 1111 mum

184 1133 274 1216 etiem
291 1139 433 1217 interpres
452 1144 552 1201 dictem
570 1143 641 1201 loce
658 1146 766 1201 missas
784 1144 821 1201 ab
844 1144 908 1215 ipso
932 1141 1031 1216 (testor
1049 1146 1205 1215 atramque

185 1232 287 1307 ceput)
316 1233 415 1291 celeris
441 1233 584 1291 moadeca
606 1250 663 1305 per
692 1250 784 1291 aeras
812 1232 927 1290 detulit:
964 1250 1029 1290 ecce
1057 1230 1088 1288 in
1119 1250 1203 1306 prae-

141 1321 266 1383 rosanti
294 1323 385 1379 etiam
408 1322 555 1396 interpres
579 1320 691 1394 divum,
713 1321 769 1379 hoc
793 1324 838 1379 est
860 1321 1032 1395 Mercurius,
1055 1318 1205 1379 horrenda

185 1412 268 1469 dicta
291 1411 425 1485 pertulit,
448 1409 480 1467 id
504 1413 548 1468 est
572 1429 648 1484 quae
671 1412 734 1470 sine
752 1410 874 1468 horrore
893 1410 1002 1469 mentis
1020 1410 1126 1468 referri
1144 1429 1204 1468 non

184 1502 310 1576 possint.
362 1502 392 1557 et
424 1500 508 1557 venit
539 1500 574 1557 de
607 1500 690 1558 eaelo
722 1518 757 1558 ao
789 1518 849 1557 non
880 1518 934 1559 sua
966 1502 1071 1575 sponte
1108 1517 1204 1574 neque

184 1588 309 1665 proprio
338 1588 475 1663 delapsus
504 1587 642 1661 arbitrio,
667 1587 719 1648 sed
743 1588 910 1647 destinatus
933 1606 952 1646 a
974 1588 1053 1646 Iove.
1099 1606 1204 1646 verum
1232 1660 1235 1663 ,

185 1698 223 1736 ne
247 1678 303 1735 hoc
327 1696 424 1735 errore
448 1679 556 1735 mentis
579 1696 690 1735 vanum
714 1679 745 1736 et
766 1678 891 1736 inritum
909 1676 1022 1747 Didoni
1044 1677 1204 1752 videretur,

142 1788 170 1828 ιν
186 1766 306 1825 addidit
323 1768 386 1839 ipse
404 1767 490 1825 deam
508 1767 662 1838 manifesto
680 1769 713 1825 m
732 1767 841 1826 lemme
859 1768 921 1825 eidi
933 1769 1092 1825 mtremem
1104 1783 1205 1824 maros

185 1873 338 1927 eocemqee
360 1856 405 1913 leis
429 1855 552 1913 aeribus
573 1856 669 1914 locst
711 1855 897 1916 confirmatio
920 1857 1014 1931 ipsius
1037 1856 1127 1931 plena
1151 1857 1204 1930 est,

186 1965 255 2003 cum
288 1944 362 2002 dicit
393 1943 553 2002 manifesto
586 1945 618 2001 in
635 1944 762 2003 lumine
792 1944 856 2003 vidi
884 1948 913 2003 et
941 1944 1052 2002 audivi.
1098 1944 1204 2002 horum

187 2034 321 2093 omnium
354 2036 388 2090 ut
420 2033 618 2092 robustiorem
648 2033 760 2092 faceret
787 2033 888 2109 fidem,
918 2033 1019 2109 posuit
1046 2035 1079 2090 in
1106 2033 1204 2092 medio

185 2122 397 2181 iusiurandum
420 2122 532 2181 dicens:
555 2125 650 2181 testor
673 2125 833 2198 utrumque
856 2126 956 2198 caput,
973 2122 1030 2181 hoc
1051 2125 1096 2181 est
1114 2122 1204 2197 Iovis,

141 2234 170 2273 ao
186 2211 238 2287 qui
258 2210 350 2283 misit,
364 2211 395 2278 et
407 2211 557 2283 Mercurii,
571 2213 624 2286 qui
637 2212 772 2288 pertulit
803 2212 902 2271 destrae
914 2229 1014 2285 meque
1027 2213 1086 2270 rac
1099 2213 1194 2270 tacere·
1206 2214 1258 2263 360

185 2303 254 2359 dere
273 2304 353 2372 eecce
372 2300 520 2371 querellis:
543 2302 711 2376 cognovisti
730 2302 825 2359 iustas
846 2300 997 2359 abscessus
1016 2302 1075 2359 mei
1092 2318 1204 2372 causas,

185 2390 287 2447 desine
320 2408 367 2447 me
397 2408 430 2448 ac
457 2392 487 2447 te
516 2389 656 2464 querellis
688 2391 748 2447 tuis
781 2389 944 2448 incendere.
990 2389 1115 2448 Italiam
1144 2407 1205 2448 rcere

185 2484 287 2551 secrete
314 2496 431 2551 sequor:
467 2478 624 2536 haererent
650 2478 730 2536 mihi
754 2479 879 2536 crimina
907 2478 1047 2553 querellis
1070 2479 1131 2537 tuis
1156 2498 1203 2538 ex·

165 2586 299 2643 pressa,
319 2570 345 2625 si
369 2586 438 2644 erga
456 2571 486 2625 te
505 2586 565 2626 non
584 2569 764 2626 auctoritate
782 2566 946 2625 multarum
965 2568 1203 2626 metuendarum-

143 2680 169 2718 ra
186 2677 244 2731 que
267 2658 439 2730 iussionum,
464 2657 515 2714 sed
537 2675 604 2715 mea
626 2656 781 2715 voluntate
804 2674 966 2732 peccarem.

256 2745 343 2803 Tella
362 2746 500 2803 dicentem
517 2746 692 2804 terraturium
708 2762 814 2805 aversa
828 2748 923 2803 taeter
935 2746 991 2805 em
1004 2746 1075 2805 illae
1089 2745 1204 2805 coteerrs

185 2836 283 2893 oculos
307 2838 450 2906 toleratque
467 2839 604 2907 pererret
626 2835 787 2893 luminibus
810 2836 912 2904 tacitis,
941 2833 1020 2909 quod
1044 2837 1088 2894 est
1111 2835 1203 2892 maxi-

185 2944 268 2981 mum
292 2924 448 2982 irascentis
472 2924 599 3001 signum,
618 2927 661 2998 ut,
680 2943 747 2982 oum
770 2926 868 2983 totum
886 2924 963 2983 nolit
980 2926 1087 2998 visum,
1106 2925 1203 2982 totum

184 3018 286 3070 tamen
311 3012 478 3071 errantibus
502 3014 595 3072 oculis
619 3016 729 3072 cernat.
765 3013 945 3087 iamdudum,
968 3014 1076 3088 inquit,
1099 3032 1204 3073 aversa

257 3241 272 3286 5
298 3237 365 3288 mim
388 3234 538 3303 atqaeLR
558 3236 600 3289 ed.
620 3254 654 3290 m.
673 3238 782 3291 idest?
831 3268 834 3272 -
859 3243 905 3289 ῚῚῚ7
930 3243 961 3289 at
980 3254 1013 3290 me
1031 3237 1133 3289 eddom
1152 3233 1204 3288 LR

185 3306 248 3371 „vel
266 3312 297 3359 at
315 3324 349 3359 me
368 3307 510 3361 decernem“
530 3307 560 3360 in
578 3323 668 3377 marg.
689 3308 782 3361 adnot.
803 3306 823 3360 r'
845 3309 873 3361 et
892 3309 971 3360 extat
989 3306 1103 3375 quidem
1125 3306 1202 3361 dam·

184 3394 253 3429 nare
277 3378 331 3429 hoc
355 3395 437 3431 sensu
462 3377 623 3431 adhibitum
642 3395 658 3431 a
677 3378 788 3432 Donato
809 3384 851 3443 10,
866 3384 926 3445 399,
946 3378 996 3433 sed
1014 3380 1115 3433 abdam
1133 3378 1203 3431 faci-

184 3450 238 3501 lius
257 3451 301 3504 est
319 3457 350 3503 et
369 3451 470 3503 addam
490 3449 533 3502 ed.
615 3454 648 3503 10
666 3451 804 3504 horrenda
822 3450 891 3503 Don.
911 3466 945 3503 ex
964 3455 1016 3503 378
1036 3449 1203 3518 anticipavit

185 3520 219 3573 cf.
242 3527 266 3586 8,
284 3526 341 3572 173.
404 3528 434 3573 11
455 3522 485 3574 m
503 3528 541 3574 est
559 3520 612 3573 th
629 3522 679 3575 hoc
697 3528 735 3575 est
754 3521 795 3575 ed.
857 3526 891 3573 20
907 3522 1021 3590 pertulit
1039 3520 1091 3573 th
1110 3522 1204 3575 retulit

184 3594 227 3645 ed.
303 3597 334 3643 21
356 3594 500 3659 quaerellr's
518 3590 570 3644 th
591 3593 631 3660 (et
648 3590 733 3659 infra)
758 3609 826 3646 corr.
845 3610 867 3644 r.
941 3598 974 3644 33
993 3594 1105 3646 heere-nt
1124 3592 1166 3645 ed.

186 3670 219 3716 ⁸28
240 3665 384 3717 irarceate's
402 3663 461 3716 LR.
554 3669 586 3715 29
606 3669 720 3717 ceruam
739 3663 771 3715 R.
803 3666 808 3732 t
840 3679 925 3717 caasa
943 3663 998 3717 La
1015 3680 1080 3731 ono.
1096 3667 1130 3716 st
1149 3682 1212 3715 nom

186 3751 320 3802 superscr.
335 3751 352 3786 r
369 3752 464 3789 eversa
484 3735 525 3789 ed.
542 3752 601 3791 nos
