2734 4159
585 303 768 359 AENEIDOS
787 304 825 358 ΠΙ
1151 304 1217 370 339

193 475 397 547 manentque
409 461 531 547 insana
543 470 672 533 Aetnam
685 476 844 548 inpositam
857 475 953 547 ruptis
966 475 1119 545 tomum
1133 476 1211 548 expi-
1219 477 1272 527 580

194 580 268 622 rore
282 564 414 631 caminis,
426 566 452 621 et
463 563 575 635 fessum
588 565 719 637 quotieas
732 566 822 622 mutet
834 564 920 631 lotus,
934 564 1087 623 intrauere
1105 580 1218 622 omnem

193 670 350 711 murmure
373 652 561 711 Trinacrium
589 657 616 713 et
641 653 754 712 eaelum
780 653 928 711 subtexere
953 654 1053 727 frore:
1085 652 1216 711 eiusdem

196 741 315 800 Aetnae
342 742 435 799 etiam
463 740 608 820 originem
635 743 666 800 et
691 759 778 800 oasus
796 742 900 801 volens
922 742 1013 816 poeta
1036 740 1216 816 subnectere,

167 850 180 888 5
197 832 342 905 quoniam
355 830 469 889 incerto
484 833 605 889 auctore
618 831 738 905 prolata
752 830 930 889 videbantur
938 829 1120 905 perindeque
1131 833 1217 890 erant

196 919 336 979 fabulosa
360 922 450 994 atque
472 919 670 993 incredibilia,
694 920 775 978 fama
799 922 853 993 est,
876 921 983 995 inquit,
1011 937 1048 976 ne
1072 920 1105 977 in
1127 918 1216 978 rebus

194 1010 320 1067 incertis
348 1012 379 1068 et
405 1009 540 1067 fortassis
573 1007 797 1084 inpossibilibus
828 1011 891 1084 ipse
921 1027 953 1067 se
986 1010 1073 1083 quasi
1103 1009 1216 1066 eertum

195 1099 352 1156 auctorem
379 1100 582 1156 constitueret.
628 1098 734 1156 inserit
765 1099 828 1156 iam
859 1098 957 1173 ipsam
988 1096 1124 1155 fabulam
1156 1115 1216 1156 non

195 1205 227 1245 se
247 1189 377 1260 auctore,
395 1190 429 1245 ut
447 1187 562 1245 dietum
580 1190 634 1261 est,
652 1186 704 1245 sed
722 1188 804 1245 fama
823 1187 985 1264 vulgatam.
1021 1185 1215 1260 Enceladum,

153 1293 181 1333 ro
194 1275 306 1352 inquit,
321 1274 482 1352 (ligantem
499 1277 600 1335 ferrmt
617 1294 672 1351 pro
692 1277 850 1353 sacrilegio
869 1274 949 1351 quod
968 1274 1127 1334 adversum
1145 1275 1214 1334 deos

196 1382 265 1423 oum
289 1367 395 1423 ceteris
415 1363 595 1442 Gigantibus
618 1364 780 1423 admiserat
798 1366 973 1423 semiustum
991 1364 1115 1423 fulmine
1134 1363 1215 1424 Iovis

193 1454 328 1531 ingentis
350 1453 466 1513 Aetnae
494 1454 622 1512 molibus
650 1472 714 1513 esse
740 1454 905 1513 subiectum
928 1453 1108 1528 perindeque
1131 1472 1214 1511 mon-

194 1545 258 1601 tem
286 1545 386 1617 ipsum
412 1545 513 1621 ignem
540 1545 657 1601 ruotare
685 1542 819 1602 fulminis
846 1562 955 1618 poena,
988 1543 1085 1601 faeere
1115 1544 1216 1601 autem

193 1634 312 1690 motum
344 1634 455 1707 terrae,
487 1651 554 1691 eum
583 1632 662 1691 idem
691 1632 858 1691 Enceladus
887 1650 1045 1692 conversus
1072 1632 1104 1689 in
1132 1631 1215 1690 aliud

151 1722 276 1780 relatus
310 1720 433 1781 alterius
465 1722 595 1781 voluerit
627 1722 692 1780 vioe
724 1722 856 1780 adfectas
888 1722 961 1779 viris
999 1724 1030 1780 et
1065 1720 1215 1781 tolerandi

193 1809 395 1869 substantiam
427 1829 574 1885 reparare.
620 1814 730 1868 enotare
760 1811 845 1868 illum
876 1813 940 1869 teeti
968 1810 1051 1869 siluis
1079 1812 1214 1869 lemonia

191 1903 327 1958 monstro
347 1902 526 1974 perferimus
553 1917 605 1958 nee
632 1916 707 1973 quoe
733 1901 861 1958 sonitum
888 1900 934 1958 det
959 1916 1050 1958 eausa
1073 1900 1211 1959 ridemus.

191 2006 267 2047 nam
288 2004 380 2062 neque
401 1993 485 2047 eruut
502 1992 650 2047 astrorum
666 1991 749 2062 maes
766 2006 819 2047 ree
837 1990 951 2048 landus
970 1990 1072 2047 oetbra
1089 1990 1203 2047 sidereo
1214 1992 1267 2043 585

186 2078 288 2150 polus,
312 2078 432 2135 obscuro
454 2080 505 2137 sed
527 2079 632 2137 nebda
654 2078 733 2137 eaelo
756 2082 781 2137 et
804 2078 907 2136 lunum
925 2080 958 2136 ‘ro
975 2079 1072 2135 nimbo
1090 2093 1149 2136 reor
1167 2080 1211 2136 in-

149 2184 177 2223 eo
191 2170 332 2238 tempesto
355 2168 479 2226 tenebat:
502 2167 662 2241 faciebant,
684 2168 794 2242 inquit,
812 2166 899 2230 nobis
920 2166 1073 2225 horrorem
1096 2168 1212 2225 sonitus

190 2255 303 2328 silvae,
329 2275 388 2315 nox
415 2255 519 2314 nubila
546 2256 628 2314 nullo
657 2257 768 2315 aolaoie
797 2255 846 2314 vel
873 2256 961 2314 lunae
989 2256 1037 2314 vel
1069 2255 1213 2330 siderum3

190 2345 296 2403 omnia
319 2346 429 2420 quippe
452 2345 545 2404 nubes
569 2344 751 2404 obtexerant.

260 2433 382 2492 Postero
407 2437 524 2508 iuraque
551 2435 612 2493 dies
633 2437 734 2508 primo
765 2434 902 2508 suroebot
933 2451 981 2492 eoo
1012 2437 1212 2506 umentemque

189 2539 307 2582 oerore
322 2524 392 2595 polo
415 2525 576 2583 dimoverat
597 2525 742 2591 matrum,
764 2523 946 2582 consubito
970 2540 984 2581 e
1006 2522 1088 2582 sebois
1111 2525 1266 2583 maeieuao

142 2632 172 2672 re
188 2612 322 2684 confecto
339 2630 477 2685 subrano
494 2615 587 2686 boet
603 2630 682 2671 aera
699 2614 797 2686 formo
814 2614 874 2671 uiri
891 2607 1117 2686 miserandoque
1131 2613 1211 2672 auro

180 2701 322 2776 procedit
343 2702 519 2774 supplexque
541 2719 648 2761 marrus
671 2703 712 2760 ael
734 2702 822 2760 litora
845 2700 943 2760 tendit.
989 2721 1071 2775 mox,
1095 2704 1153 2776 ait,
1176 2705 1212 2760 ut

186 2790 244 2848 lux
264 2792 362 2864 eoepit
381 2792 497 2865 exoriri,
516 2792 637 2850 emersit
656 2810 690 2847 ex
709 2791 793 2849 silvis
812 2791 911 2867 ignoti
928 2808 1007 2849 nova
1025 2792 1122 2850 forma
1141 2792 1208 2851 viri.

185 2897 252 2937 non
275 2878 331 2937 hoo
350 2882 394 2937 est
412 2898 491 2938 nova
509 2880 606 2938 forma
625 2880 705 2955 quod
724 2881 768 2938 est
786 2879 896 2957 ignoti3
919 2898 998 2938 nova
1016 2880 1096 2939 enim
1113 2880 1211 2939 forma

184 3050 218 3102 in
239 3048 393 3117 archetypo
413 3050 588 3102 occasionem
607 3048 707 3102 erroris
727 3048 838 3102 dedisse
857 3048 968 3102 videtur
990 3048 1069 3118 (inde
1086 3051 1139 3105 tibi
1156 3066 1207 3119 pro

184 3122 241 3175 obi
259 3125 284 3185 b,
300 3124 362 3185 795)
380 3123 538 3176 semiustum
556 3138 571 3172 r
587 3125 735 3174 semustum
753 3121 796 3173 ed.

263 3196 388 3245 irrotat
405 3193 448 3246 ed.
540 3197 654 3246 terreos
672 3190 724 3244 th
742 3208 841 3245 causas
859 3192 925 3245 edF.
1016 3192 1209 3246 8iuseretiom

184 3262 243 3316 LR
257 3264 354 3316 inserit
367 3265 424 3317 iem
437 3281 452 3316 r
465 3265 563 3317 inserit
576 3264 657 3316 etiam
672 3263 715 3316 ed.
772 3267 787 3315 9
803 3269 939 3318 auetmm
953 3262 1006 3315 La
1020 3279 1114 3317 cornr
1129 3264 1171 3316 ed.

185 3339 224 3388 10
242 3333 367 3399 fecerum
384 3333 405 3386 L
424 3336 579 3401 infecerunt
596 3333 621 3385 R
643 3335 870 3401 iuterfeceruntr
891 3335 1034 3401 finxerim
1052 3334 1094 3387 ed.
1113 3334 1210 3399 ferrent

183 3423 249 3460 noe.
316 3410 348 3458 11
368 3408 525 3460 semiustum
545 3405 597 3458 th
615 3411 763 3459 eeurustum
782 3406 824 3457 ed.
842 3408 846 3474 Ι
866 3407 979 3473 dauriae
996 3405 1048 3458 LR
1066 3422 1135 3460 corr.
1150 3423 1171 3457 r.

185 3484 224 3532 14
243 3481 336 3531 votum
354 3476 406 3529 LR
424 3483 484 3531 noto
503 3494 516 3528 r
536 3493 604 3530 oorr.
621 3476 664 3530 ed.
695 3478 699 3544 Ι
733 3477 840 3542 effectas
858 3476 910 3529 LR
932 3477 1025 3543 effetus
1045 3495 1059 3529 r
1078 3476 1136 3530 adl*
1159 3478 1208 3529 ad-

181 3550 275 3618 fectas
293 3564 351 3601 noe.
444 3553 476 3601 16
496 3549 652 3602 substantia
670 3564 800 3615 superare
820 3548 862 3601 ed.
886 3566 907 3602 s.
926 3551 1054 3616 superari
1073 3549 1115 3601 ed.
1135 3551 1225 3616 poet.-

244 3624 278 3672 17
298 3620 419 3673 uidimus
436 3619 496 3672 LR.
563 3624 596 3672 18
615 3625 767 3674 caurorum
787 3618 830 3673 ed.
852 3622 858 3689 l
883 3620 988 3675 siderio
1002 3620 1070 3674 bu.
1129 3624 1168 3671 &a
1187 3621 1225 3670 iu

182 3710 243 3747 om.
260 3690 302 3744 ed,
375 3690 553 3744 saerata.
631 3696 665 3747 27
684 3709 699 3749 e
718 3693 807 3765 sylvis
826 3692 873 3749 ed.

969 3784 1027 3838 ‘2²2‘
