2734 4159
598 320 781 376 spasmos
799 321 813 375 I
1169 321 1213 386 99

194 494 238 551 ita
269 491 465 551 artificiosum
500 496 545 550 est
579 493 669 567 atque
703 491 813 549 subtile
846 490 1036 549 latitudinem
1070 493 1214 552 materiae

194 584 299 641 stricto
323 599 456 640 sermone
480 580 628 657 colligere.
669 582 772 655 repino
795 581 836 638 ed
859 581 1005 653 templum,
1028 583 1126 654 forceo
1142 582 1213 654 pul·

193 671 338 730 cherrima
365 671 459 736 Dido,
486 672 603 728 incessit
628 687 739 743 mopere
766 672 904 727 luceriam
931 671 1056 742 stipante
1073 674 1211 741 ,caluom

193 760 264 818 dum
292 760 409 817 Aeneas
436 758 672 817 consideratione
703 760 890 834 picturarum
921 760 1040 816 tenetur
1069 759 1210 834 intentus,

172 850 340 925 sprooessit
362 850 468 925 regina
490 848 593 907 visura
616 849 713 922 operis
738 846 883 905 currentis
902 847 1047 922 effectum,
1067 867 1211 923 quaeres

193 941 223 995 et
247 940 382 995 animum
405 937 524 996 Aeneae
548 939 578 994 et
605 936 740 994 studium
768 937 977 1009 commutavit,
1009 956 1079 996 nam
1108 936 1211 996 debuit

192 1030 365 1086 convertere
389 1044 506 1085 omnem
529 1025 726 1084 intentionem
750 1044 834 1085 suam
857 1025 896 1084 ad
915 1043 950 1084 ea
969 1044 1045 1100 quae
1065 1027 1211 1085 attulerat

191 1115 379 1191 procedentis
408 1116 532 1175 occasio.
579 1114 630 1174 sed
656 1116 754 1190 primo
783 1114 903 1189 conplet
929 1117 1019 1189 poeta
1047 1116 1209 1190 processio-

191 1226 259 1263 nem
283 1204 419 1279 Didonis,
442 1207 514 1263 tunc
537 1204 615 1261 redit
643 1203 681 1262 ad
709 1204 827 1262 Aeneae
854 1206 1010 1263 tractabis.
1056 1205 1210 1281 processit,

158 1313 180 1352 ro
191 1296 306 1369 inquit,
334 1296 438 1371 regina
466 1293 504 1352 ad
531 1294 676 1368 templum
705 1312 815 1370 magna
842 1293 983 1351 iuvenum
1006 1295 1138 1368 stipante
1161 1311 1208 1352 ca·

190 1387 285 1443 terve.
332 1382 440 1458 duplex
463 1381 643 1457 procedendi
664 1382 825 1441 necessitas
852 1382 989 1454 feminae,
1012 1401 1059 1456 ne,
1083 1384 1109 1441 si
1132 1386 1216 1442 esset>

191 1472 350 1549 superflua,
373 1473 420 1529 vel
443 1473 571 1529 maxime
595 1471 743 1529 formosae
767 1472 883 1530 eteius
907 1490 985 1546 quae
1009 1490 1075 1531 cum
1104 1472 1207 1530 multis
1249 1495 1253 1509 =

190 1562 263 1620 viris
291 1560 454 1634 incederet,
481 1561 666 1618 inveniretur
692 1560 891 1619 inverecunda
915 1580 990 1636 quae
1013 1561 1101 1620 facile
1124 1561 1209 1621 nulla

190 1652 315 1727 cogente
344 1668 434 1709 causa
461 1649 589 1725 publicis
613 1667 675 1707 sese
700 1648 819 1707 offerret
842 1650 1022 1724 aspectibus:
1055 1651 1208 1726 processit,

153 1760 176 1800 ιε
189 1741 299 1815 inquit,
323 1738 360 1797 ad
383 1739 542 1813 templum:
573 1757 639 1797 ecce
662 1738 817 1815 religionis
841 1742 871 1796 et
893 1739 1094 1799 venerationis
1118 1758 1208 1799 causa

188 1828 347 1905 processit,
384 1831 415 1886 et
441 1830 558 1905 regina,
590 1827 667 1886 hanc
696 1829 775 1885 enim
802 1846 856 1903 pro
883 1830 1034 1903 potestate
1064 1828 1208 1905 tangebat

188 1916 311 1976 videndi
329 1920 360 1975 et
377 1916 583 1975 considerandi
603 1918 773 1989 necessitas,
787 1920 822 1975 ut
840 1921 941 1976 nosset
955 1921 1100 1992 quantum
1115 1936 1207 1993 opera

188 2007 296 2082 templi
318 2007 412 2081 ipsius
436 2007 621 2080 proficerent,
646 2005 726 2081 quod
744 2007 834 2081 plena
852 2006 1044 2064 veneratione
1064 2005 1205 2081 cupiebat

188 2115 252 2155 esse
276 2096 449 2171 perfectum.
488 2095 566 2153 hanc
589 2098 679 2171 poeta
702 2097 846 2171 conparat
863 2093 979 2153 Dionae
1002 2096 1123 2169 eiusque
1147 2095 1206 2153 for·

147 2206 173 2246 so
187 2206 278 2259 mam,
302 2183 519 2257 verecundiam,
542 2202 639 2243 mores
666 2184 873 2259 iustitiamque
902 2182 1064 2242 conlaudat
1086 2183 1205 2242 Aeneae

186 2276 247 2332 iam
281 2276 471 2348 praestruens
502 2272 621 2332 laudem
654 2276 708 2349 qui
741 2273 778 2331 ab
811 2292 846 2331 es
878 2273 989 2348 suscipi
1016 2272 1147 2349 hospitio
1175 2276 1206 2331 et

187 2364 284 2422 amari
314 2364 497 2420 commeruit.
543 2364 639 2435 quales
665 2364 698 2419 irc
721 2363 852 2421 Eurotae
878 2365 953 2435 ripis
981 2366 1034 2420 act
1054 2380 1112 2435 per
1134 2365 1205 2436 iupa

188 2452 297 2525 Operae·
320 2456 429 2510 exercet
450 2452 556 2509 Dicae
579 2452 688 2519 choree,
711 2469 800 2524 quom
822 2452 900 2510 mille
922 2456 1036 2511 secutae
1063 2452 1130 2509 binc
1153 2456 1259 2510 et500

186 2559 241 2613 que
268 2541 335 2598 birro
360 2542 560 2613 plecterentur
584 2539 728 2609 Oreades·
758 2541 812 2598 illo
829 2541 1003 2613 pheretrum
1025 2542 1084 2612 fert
1105 2559 1205 2600 umero

143 2654 170 2693 25
183 2632 382 2705 prodierisque
404 2631 474 2687 deos
497 2632 690 2702 superemicet
711 2631 819 2697 arnob,
842 2628 976 2688 Latonae
1000 2632 1118 2688 taciturn
1135 2648 1204 2702 per·

185 2724 329 2793 temptent
354 2720 467 2791 poetelio
488 2722 604 2791 pectus:
634 2737 669 2776 ex
693 2719 846 2777 occasione
870 2719 1092 2793 conpunctionis
1116 2722 1204 2778 istius

186 2809 333 2884 expressit
360 2811 450 2882 poeta
478 2826 568 2883 quam
594 2808 669 2865 laeti
697 2808 757 2865 sint
785 2810 936 2882 parentes,
965 2826 1032 2866 cum
1055 2812 1204 2884 prosperis

185 2896 371 2957 successibus
402 2896 475 2954 ferri
504 2896 635 2954 viderint
663 2895 773 2954 liberos
804 2914 880 2955 suos.
927 2898 996 2955 telis
1024 2903 1088 2957 eret
1113 2898 1203 2965 Dido,

259 3073 276 3118 4
295 3073 430 3119 teneretur
449 3066 491 3119 ed.
566 3071 582 3118 5
601 3067 736 3120 curreretis
754 3065 806 3117 th
825 3067 963 3135 serpentis
981 3067 1023 3119 ed.
1103 3072 1118 3119 9
1138 3073 1204 3121 tuce

183 3139 237 3192 LR
258 3139 356 3191 deinde
376 3138 419 3190 ed.
436 3138 440 3206 Ι
457 3142 605 3191 tractatum
624 3138 667 3190 ed.
734 3142 766 3189 10
785 3138 914 3190 iuvenum
934 3154 986 3190 om.
1003 3138 1046 3192 cd.
1112 3144 1143 3191 11
1163 3139 1202 3205 fe-

184 3212 279 3265 rreirroe
297 3209 349 3260 th
368 3210 479 3279 repleor
497 3209 540 3263 ed.
622 3214 654 3262 12
672 3208 794 3274 fautore
813 3208 855 3260 ed.
887 3210 890 3277 l
924 3211 1027 3263 eteius
1049 3224 1102 3262 om.
1123 3210 1165 3263 ed.

185 3288 221 3335 14
240 3283 337 3348 offerre
355 3280 407 3332 th
427 3297 495 3332 corr.
511 3281 553 3332 ed.
583 3283 587 3347 1
621 3281 731 3333 incessit
750 3280 792 3332 ed.
872 3284 904 3332 16
923 3284 955 3332 at
972 3280 1069 3350 repieta
1088 3279 1139 3332 LR
1158 3281 1201 3336 ed.

183 3360 211 3407 et
228 3371 251 3406 r.
267 3368 326 3405 nos.
383 3358 415 3403 17
435 3358 524 3405 nosset
538 3350 589 3402 th
606 3356 698 3405 noscet
715 3349 736 3403 L
750 3351 859 3405 Hman.
878 3357 998 3405 resecet
1011 3351 1054 3404 ed.
1071 3353 1075 3420 Ι
1092 3368 1203 3420 operum

184 3426 229 3478 ed.
307 3429 339 3476 18
358 3424 447 3492 ipsius
465 3440 518 3475 om.
535 3422 577 3476 ed.
608 3425 612 3490 Ι
640 3422 800 3489 perficerent
819 3422 862 3476 ed.
935 3426 969 3475 20
987 3422 1132 3477 concludat
1150 3422 1202 3475 LIt

183 3496 326 3551 concludit
343 3512 357 3546 r
375 3493 420 3547 vel
438 3494 579 3548 collaudet
596 3493 618 3545 r'
632 3493 662 3546 in
681 3510 770 3563 marg.
785 3494 954 3548 commendat
971 3494 1014 3546 ed.
1071 3499 1103 3545 21
1118 3511 1201 3563 pree-

181 3575 294 3623 samoe
313 3565 365 3618 th
380 3571 527 3633 praestana
545 3566 609 3636 ed}
632 3566 681 3634 qui
699 3565 720 3618 L
740 3566 806 3633 quic
824 3565 857 3619 R.
879 3569 883 3634 1
906 3565 1010 3633 auspici
1027 3564 1080 3618 th
1098 3566 1202 3632 suscipi

182 3639 326 3693 LHman.
369 3643 403 3691 26
417 3638 469 3690 dea
483 3637 535 3689 LIt
549 3639 614 3691 deos
627 3655 648 3690 r.
687 3642 720 3690 26
735 3654 769 3691 ec
782 3638 924 3693 occasione
938 3634 1221 3704 cooperationem

182 3710 389 3778 comparatione
397 3709 621 3765 etceraarbreeed.
661 3711 827 3769 ilsuuted.
866 3700 1244 3781 asserrtmpeeeuces-

966 3800 1026 3868 ..Ἶῖ
1056 3846 1155 3877 1...ιη
1189 3839 1254 3880 ’μὴ

976 3883 986 3900 “
1020 3881 1030 3892 ι’
1057 3892 1067 3908 ἡ
1097 3879 1149 3908 0Ὶῦ
1199 3879 1264 3907 0³¹¹*
