2734 4159
584 312 767 370 astismos
785 314 799 370 l
843 345 847 352 ·
1135 314 1200 381 113

183 484 321 560 spexerit.
367 499 419 541 sea
445 499 496 542 aas
523 483 700 557 Hesperiam
730 500 870 557 mapsam
896 482 1094 558 Saturniaque
1125 502 1200 545 arca

183 575 244 631 eice
271 572 379 647 Erras
406 573 480 643 fiaes
506 590 657 646 spesque
683 574 789 645 aptatis
811 570 947 641 Acesten,
976 574 1088 633 cantic
1115 578 1252 633 tatescw

183 662 329 720 dimittam
347 661 504 734 eptasqm
521 663 642 721 iuvate:
664 661 857 738 prosequitur
877 680 1024 722 summam
1045 662 1202 723 beneficio·

183 771 250 808 rum
270 768 393 809 suorum
406 750 501 809 nihilo
514 752 613 810 minus
632 754 664 809 et
680 750 843 827 propositis
860 751 1050 827 respondens.
1085 750 1202 812 dixerat

159 841 266 901 eeuim
288 838 420 898 Ilioneus
443 839 469 899 si
491 858 592 918 regem
614 842 811 916 receperimus
832 840 1022 916 incolumem,
1044 840 1201 913 tondemus

184 928 223 986 ad
250 928 386 1002 Italiam,
413 927 440 987 si
468 930 568 987 autem
598 931 703 988 contm
734 930 875 988 meritum
906 947 996 988 suum
1025 930 1142 1005 aliquid
1173 932 1202 991 ei

184 1017 357 1077 humanitus
385 1017 508 1092 accidit,
536 1036 692 1096 pergemus
720 1017 759 1077 ad
783 1016 925 1077 Siciliam.
972 1019 1017 1078 ait
1039 1018 1118 1077 Dido
1141 1038 1201 1080 uon

184 1106 297 1166 faciens
320 1109 425 1165 contra
446 1106 645 1166 Troianorum
663 1107 866 1167 voluntariam
884 1106 1110 1184 dispositionem
1129 1126 1202 1183 quo·

185 1213 311 1271 cumque
339 1197 383 1255 ire
410 1196 566 1256 volueritis
594 1214 653 1254 non
680 1197 800 1258 teneam
827 1198 939 1256 inritos
967 1199 998 1255 et
1025 1198 1107 1256 omni
1135 1197 1201 1256 sub-

148 1305 172 1345 ro
185 1285 262 1344 sidio
295 1283 444 1344 adiuvabo
477 1285 656 1362 navigantis.
702 1286 790 1344 cattis
823 1290 849 1344 et
878 1286 924 1345 la‘s
953 1303 1065 1345 mecam
1086 1286 1203 1361 pariter

185 1374 334 1433 caetere
355 1376 468 1447 repete:
491 1393 557 1433 eece
579 1375 669 1450 plena
689 1373 892 1434 benivolentia
910 1394 960 1435 cos
978 1376 1203 1447 insacietatem

185 1466 276 1522 vocat
297 1462 382 1540 regni
406 1465 458 1538 qui
481 1464 582 1522 omnia
606 1463 845 1540 desperaverant.
881 1466 983 1523 artem
1000 1482 1090 1540 quem
1107 1468 1202 1543 stateo

184 1556 283 1611 cestra
315 1556 370 1610 est:
405 1553 503 1628 primo
535 1552 612 1611 dixit
643 1571 761 1611 mecum
793 1553 944 1613 considere
975 1555 1088 1631 regnis,
1121 1572 1203 1628 ,nunc

185 1643 288 1701 autem
302 1641 387 1700 auxit
399 1641 532 1700 studium
550 1641 769 1701 benivolentiae
787 1642 909 1718 plenam
926 1643 988 1703 illis
1006 1642 1203 1720 possidendae

147 1751 171 1793 ra
185 1729 269 1789 urbis
293 1730 417 1790 offerens
440 1731 625 1790 facultatem.
669 1730 760 1789 multi
782 1732 891 1790 vitium
912 1734 1023 1808 putant
1046 1752 1108 1793 esse
1132 1735 1203 1809 quia

186 1818 262 1878 dixit
285 1818 437 1897 Vergilius
462 1822 563 1881 vestra
586 1822 631 1881 est
653 1819 757 1879 urbem
780 1822 937 1880 stravere
959 1825 1060 1898 potest
1082 1840 1154 1898 esse,
1177 1824 1205 1885 si

186 1927 247 1967 non
269 1911 459 1968 removeatur
482 1928 564 1969 error
586 1909 775 1969 ordinatione
794 1928 896 1970 sensus
915 1910 1027 1969 affecta.
1064 1910 1107 1971 sic
1125 1910 1205 1971 enim

178 1997 394 2073 accipiendum
426 2000 484 2057 est:
517 2016 608 2073 quam
639 2000 740 2058 statuo
771 1999 875 2058 urbam
905 2001 1006 2060 vestra
1037 2001 1091 2059 est.
1136 2002 1205 2078 sair·

186 2087 282 2145 ducite
299 2088 394 2145 caum.
432 2088 506 2146 Tros
526 2088 691 2162 Tyriasque
707 2088 780 2160 aar
796 2089 878 2148 calte
897 2088 1066 2148 discrimine
1088 2092 1205 2162 apetur:

146 2197 173 2236 ao
186 2175 258 2234 huie
280 2174 361 2251 parti
383 2195 444 2234 non
466 2177 554 2252 plene
576 2176 743 2255 respondit3
774 2175 906 2236 Ih'oueus
935 2178 1045 2253 quippe
1069 2177 1203 2253 postula·

170 2268 273 2329 ,verat
301 2255 397 2345 (551)
426 2269 617 2340 „quassatam
643 2266 742 2327 ventis
769 2266 860 2325 liceat
887 2265 1050 2324 subducere
1080 2267 1205 2328 classem
1231 2278 1236 2286 '

187 2357 218 2412 et
246 2353 331 2413 silvis
359 2356 475 2429 aptore.
491 2355 591 2415 trabes
615 2357 650 2415 ,et
676 2356 823 2433 stringere
850 2352 973 2414 remos“.
1019 2354 1108 2430 Dido,
1138 2373 1205 2431 cum

186 2442 393 2519 responderet,
421 2462 481 2502 non
504 2443 615 2503 obtulit
637 2443 710 2519 duo,
737 2447 772 2502 ut
795 2446 826 2502 et
847 2442 1044 2503 subducerent
1059 2446 1152 2514 ,navis
1175 2449 1206 2506 et

187 2535 402 2608 conponerent:
426 2531 589 2609 subducite,
611 2535 721 2609 inquit,
744 2532 843 2591 noluit
865 2531 902 2592 de
925 2534 1126 2610 conponendis
1151 2536 1204 2596 ali·

147 2643 174 2683 es
189 2620 265 2697 quid
296 2621 393 2697 loqui;
429 2624 556 2681 noverat
587 2623 667 2680 enim
699 2640 731 2681 se
763 2621 872 2681 dixisse
904 2625 1017 2683 cessate
1050 2623 1206 2684 nobiscum

189 2708 301 2775 addens
325 2710 399 2770 isos
424 2711 592 2787 Tyriusque
614 2710 689 2770 mihi
711 2710 795 2771 nullo
818 2710 989 2776 discrimine
1013 2715 1126 2791 agetur.
1168 2733 1206 2773 ne
1232 2754 1236 2772 t

187 2798 409 2858 arbitrarentur
432 2800 555 2859 Troiani
578 2801 735 2863 inferiores
758 2818 789 2860 se
808 2801 879 2877 fore,
898 2800 974 2862 miro
992 2802 1113 2879 ingenio
1131 2804 1205 2861 tem·

187 2890 320 2964 peracit,
357 2891 392 2945 ut
428 2888 540 2948 diceret
571 2890 716 2950 Troianos
753 2909 812 2949 uno
850 2908 918 2950 cum
948 2890 1055 2951 incolis
1087 2892 1205 2952 futuros

189 2977 323 3052 adfectu,
350 2980 385 3036 ut
411 2977 606 3037 honorificam
632 2998 663 3039 se
691 2979 860 3039 ostenderet
884 2981 969 3040 iuxta
990 2979 1124 3056 hospites
1147 2999 1207 3039 non

146 3091 174 3130 ro
188 3085 239 3125 cos
262 3067 468 3143 postponendo
492 3068 592 3143 Tyriis
615 3088 669 3127 nec
693 3068 820 3131 deiceret
843 3087 911 3130 suos
934 3070 1206 3147 etinterpopulos

188 3155 417 3215 inimicitiarum
440 3174 546 3216 causas
560 3158 749 3232 inmitteret,
777 3159 803 3218 si
824 3157 996 3236 peregrinos
1011 3159 1132 3226 iaceret
1153 3178 1206 3234 po-

263 3350 279 3397 2
298 3345 380 3411 finem
397 3345 430 3398 R.
499 3348 569 3398 6-l
586 3345 792 3401 ettcrnanitus
810 3344 832 3399 L
850 3350 876 3400 et
892 3346 1052 3400 hamanitas
1069 3344 1095 3397 R
1113 3344 1139 3398 ei
1156 3344 1207 3407 iea-

189 3417 313 3471 maae'tas
331 3434 345 3468 r
364 3418 394 3484 (a
408 3414 558 3481 emendare
572 3414 678 3484 omisit)
696 3416 911 3472 iatwmaaitatie
929 3415 972 3469 ed.
1030 3421 1045 3468 't
1065 3415 1167 3471 accidit
1185 3416 1207 3468 L

189 3487 295 3541 accida
312 3487 338 3540 It
356 3488 488 3542 acciderit
505 3486 550 3541 ed.
617 3492 635 3541 8
652 3488 757 3553 faciam
776 3487 819 3542 ed.
887 3492 902 3540 9
922 3492 1027 3541 meeum
1045 3486 1098 3541 LR
1116 3489 1208 3542 aneto

190 3558 253 3611 LII
266 3575 340 3613 man.
360 3558 404 3612 ed.
508 3563 543 3613 20
553 3559 705 3628 respondet
722 3558 766 3613 ed.
871 3563 904 3613 21
924 3564 1069 3627 pausatam
1086 3575 1138 3614 cere
1155 3557 1208 3612 LR

192 3646 261 3683 corr.
281 3648 302 3684 r.
334 3685 337 3691 ,
376 3635 411 3684 22
429 3636 462 3685 nt
478 3635 504 3685 et
521 3629 575 3683 LR
592 3634 619 3685 et
635 3646 690 3696 orn.
705 3630 748 3684 od.
827 3634 861 3683 25
879 3631 1140 3686 carcassonam
1155 3630 1216 3685 lai.

191 3701 434 3756 attrectationes
452 3701 495 3756 ed.
569 3706 603 3757 22
622 3702 719 3772 effecta
737 3720 761 3759 r.
835 3706 871 3758 22
891 3697 1103 3778 postponasdos
1120 3693 1223 3782 sigim„

234 3798 292 3836 Dea,
306 3799 402 3847 interpr.
415 3799 482 3852 Vera.
506 3802 552 3845 vel.
566 3804 588 3848 1.
1005 3798 1028 3849 Q
