2734 4159
141 348 208 414 490
421 346 561 402 DONATI
578 346 748 401 musaeu.
768 346 876 401 VERG.

141 512 281 592 [infant
304 518 385 589 sucta
402 517 519 589 puriter
540 534 620 575 nune
636 532 714 589 pace
735 514 905 591 ferunturJ:
933 515 1097 592 aliquando
1122 519 1161 577 si·

141 606 258 665 mulata
279 606 353 683 fuga
375 606 569 665 vertebantur
591 607 741 665 conversis
768 605 859 664 lentis
889 606 1011 681 spiculis
1034 606 1092 665 hoc
1116 610 1161 666 est

140 694 294 769 mollibus,
324 694 436 753 nudato
464 695 552 755 dorso
581 686 644 774 (hic
671 695 752 753 enim
783 693 967 771 fugientibus
996 713 1061 753 mos
1090 687 1160 776 est),

129 782 303 859 'aliquando
335 784 417 843 facta
447 802 521 860 pace
552 783 727 842 remeabant
758 784 926 845 concordes.
976 785 1034 843 hoc
1066 801 1160 861 genus

141 872 311 932 certaminis
330 873 500 949 pyrrhicam
519 874 637 946 vocant,
655 873 688 930 in
706 891 766 947 qua
784 873 863 931 inest
880 873 1053 932 verisimilis
1072 874 1161 948 ratio,
1185 892 1195 932 s

142 962 194 1021 sed
216 961 302 1021 bellis
325 964 403 1021 veris
431 965 462 1022 et
489 961 612 1039 proeliis
638 963 813 1021 necessaria.
860 961 987 1037 denique
1016 962 1161 1037 quicquid

141 1051 204 1110 illie
227 1052 344 1128 geritur
365 1052 493 1111 militari
515 1050 641 1111 artificio
665 1050 783 1127 proficit
811 1053 841 1110 et
864 1054 969 1126 aperto
992 1053 1159 1110 certamini.

141 1158 207 1199 ecce
229 1142 298 1217 ipsi,
321 1139 392 1200 dum
415 1142 533 1216 ludunt,
556 1140 665 1199 faciem
687 1140 801 1199 imitati
819 1143 890 1198 sunt
911 1139 984 1198 belli
1002 1158 1083 1200 nune
1106 1161 1160 1199 nu-

141 1229 246 1288 dantes
269 1232 355 1309 terga
376 1231 432 1290 hoc
456 1233 502 1290 est
524 1231 661 1290 velutin
690 1230 793 1306 fugam
815 1229 908 1304 versi,
936 1246 1015 1287 nunc
1043 1229 1160 1304 spicula

141 1321 306 1394 exerentes,
329 1338 409 1379 nunc
432 1321 513 1380 facta
536 1338 610 1396 paee
633 1321 664 1377 in
688 1316 878 1379 concordiam
900 1317 1068 1377 redeuntes.
1114 1318 1160 1377 in·
1174 1338 1196 1378 ιο

141 1406 224 1467 ducit
247 1409 435 1485 parabolam,
465 1411 500 1467 ut
523 1407 662 1468 ostendat
685 1427 744 1482 qua
772 1406 940 1467 subtilitate
969 1425 1066 1481 quave
1095 1410 1160 1467 arte

140 1499 227 1572 pueri
253 1499 286 1556 in
312 1498 428 1558 ludicro
456 1499 617 1557 certamine
646 1498 676 1553 et
702 1496 884 1575 imaginaria
910 1515 1014 1573 pugna
1041 1496 1161 1557 ordines

141 1583 279 1645 duxerint
302 1590 332 1646 et
355 1587 553 1662 expresserint
575 1586 743 1659 veritatem,
766 1587 913 1663 fregerint
934 1585 1040 1660 flexus,
1072 1586 1161 1645 colle-

141 1674 241 1751 gerint
263 1675 343 1735 orbis
371 1678 402 1734 et
433 1674 552 1734 ordines
579 1691 699 1731 rursum
725 1693 939 1751 numerumque
962 1674 1162 1734 confuderint

140 1766 175 1821 ut
191 1764 348 1837 quondan
365 1765 474 1839 iuquit,
490 1762 577 1823 Gaetu
594 1763 690 1835 fertur
707 1763 910 1838 labyrinthus
927 1765 961 1822 in
979 1764 1041 1823 ulto
1059 1767 1163 1837 purte-
1177 1782 1200 1824 u

87 1853 227 1911 tectibus
250 1855 357 1910 tentum
384 1855 476 1912 caecis
502 1853 557 1910 iter
584 1854 795 1926 ancipitemque
826 1851 905 1912 mille
936 1854 992 1911 ciis
1023 1853 1163 1913 huense

141 1942 250 2009 mlum,
273 1960 331 2014 qua
354 1944 441 2014 sipnu
458 1943 597 2015 sequendi
615 1943 764 2015 frunperet
781 1943 975 2016 indeprensus
993 1946 1020 2000 et
1037 1945 1162 2002 inreme-

141 2030 229 2090 abilis
253 2047 349 2089 uror:
370 2032 443 2089 baut
465 2031 550 2090 aliter
575 2031 719 2091 Teucrum
741 2034 805 2089 nuti
827 2032 949 2105 uesnpiu
967 2048 1057 2090 uersu
1079 2034 1164 2106 inpe-

141 2120 228 2179 diunt
254 2123 407 2193 munuae
433 2121 523 2194 supas
551 2124 577 2178 et
594 2121 710 2193 proelio
738 2121 817 2189 ludo,
845 2121 1014 2193 delphinum
1041 2122 1163 2190 similes,

88 2210 202 2282 estqui
232 2226 290 2283 per
321 2211 420 2268 nuria
450 2210 554 2268 urnidu
589 2211 689 2267 nunde
729 2208 924 2282 Carpathium
959 2208 1165 2283 laneumque
1179 2231 1203 2270 aa

141 2302 241 2358 secant
261 2294 439 2373 [luduntque
457 2316 513 2371 per
535 2297 666 2373 undusJ:
693 2301 724 2356 et
746 2300 869 2374 propter
891 2298 1072 2373 Labyrinthi
1096 2319 1164 2375 per-

141 2386 243 2462 plexas
267 2389 385 2447 viarum
406 2388 518 2446 formas
547 2391 577 2446 et
599 2390 723 2462 propter
750 2387 898 2446 ludicrum
926 2389 1076 2446 certamen
1101 2388 1165 2447 del·

141 2475 301 2552 phinorum
315 2475 541 2535 similitudinem
560 2476 655 2550 dedit3
678 2496 748 2534 nam
767 2476 950 2552 multiplices
969 2476 1165 2538 ostenderant

141 2564 242 2643 flexus,
265 2568 300 2625 ut
325 2565 543 2641 Labyrinthum
565 2566 738 2625 viderentur
760 2565 873 2624 imitati
897 2569 927 2623 et
950 2564 1165 2640 delphinorum

142 2653 289 2713 laetitiam
313 2654 560 2728 demonstrarent,
582 2654 700 2730 quibus,
723 2674 792 2713 eum
815 2655 1036 2729 intranquille
1060 2657 1164 2734 pelagi
1178 2676 1201 2715 as

143 2741 260 2818 ludunt,
283 2744 359 2803 nihil
382 2745 428 2803 est
451 2745 575 2821 gratius,
620 2745 697 2802 bunc
723 2762 831 2802 rnorem
855 2761 959 2802 cursus
983 2748 1069 2816 utque
1092 2746 1165 2804 boec

142 2835 302 2893 cormarine
324 2835 444 2907 pnnsus
467 2831 631 2899 Asuuius,
654 2833 792 2906 Lonpuun
821 2834 915 2891 inuris
942 2850 1009 2892 eum
1036 2835 1186 2908 cc'nperet¹

141 2917 264 2991 Album,
291 2922 413 2992 rettulit,
444 2923 501 2981 hoe
525 2926 570 2981 est
593 2921 709 2994 attulit,
737 2921 868 2981 ostendit
896 2941 930 2980 ac
958 2921 1077 2996 docuit,
1105 2941 1164 2995 que

86 3016 141 3065 600
145 3029 224 3085 puer
245 3013 308 3085 ipse
329 3012 428 3081 modo,
455 3028 629 3083 secumque
654 3011 746 3069 Troia
765 3012 875 3083 pubes;
904 3008 1017 3069 Albani
1040 3011 1164 3072 docuere

216 3169 229 3216 1
250 3164 354 3229 infensi
364 3164 537 3229 —feruntur
555 3163 635 3217 deest
653 3162 683 3215 in
697 3161 757 3227 La,
773 3163 822 3215 sed
842 3162 1000 3232 explicatur
1018 3162 1163 3230 (added,

142 3235 192 3288 sed
211 3233 315 3288 omisso
329 3235 438 3303 puriter
456 3237 486 3289 et
502 3235 640 3301 fruuntur
658 3232 801 3302 scribens).
858 3240 873 3285 2
894 3234 929 3287 de
949 3235 1028 3287 lentis
1046 3235 1164 3302 spiculus

141 3304 211 3359 Don.
235 3304 382 3359 fabulatur
405 3306 442 3360 ad
466 3310 562 3371 7,164
586 3304 728 3359 aberrans.
820 3310 835 3358 ὅ
860 3306 1015 3374 ppnbicun
1041 3305 1093 3357 th
1117 3306 1162 3360 ed.

137 3378 272 3446 pyrrhica
289 3377 320 3430 in
337 3392 426 3447 marg.
445 3374 467 3430 r'
482 3376 662 3447 pyrrbiebam
681 3374 861 3430 scribendum
879 3376 998 3431 videtur.
1078 3382 1093 3430 6
1115 3378 1164 3432 sed

141 3446 195 3501 LR
212 3449 257 3503 ed.
276 3455 301 3502 et
318 3448 425 3503 malim.
524 3448 703 3502 tcertamine'
721 3446 773 3500 th
792 3465 838 3501 ·ne
857 3447 899 3500 ed.
998 3452 1031 3501 14
1050 3465 1162 3503 rursum

142 3535 196 3574 om.
211 3520 277 3574 edF.
352 3524 384 3573 17
403 3520 544 3590 franperet
561 3518 612 3571 LR
631 3518 740 3584 falleret
758 3519 800 3572 ed.
819 3522 823 3588 Ι
843 3519 1023 3587 indeprensus
1041 3518 1066 3571 R
1084 3520 1162 3575 inde·

137 3608 270 3659 praessura
291 3591 313 3644 L
336 3592 548 3660 indeprelrensue
571 3590 614 3643 ed.
726 3594 758 3642 18
781 3590 895 3659 cestipia
923 3593 985 3644 nati
1007 3607 1104 3644 cursus
1128 3590 1162 3644 a.

196 3668 229 3717 21
250 3663 402 3731 luduntque
422 3680 473 3733 per
495 3663 586 3715 undas
611 3660 690 3713 deest
712 3661 742 3714 in
761 3660 826 3729 Lu,
850 3661 900 3714 sed
923 3660 1089 3729 explicatur.

134 3739 170 3789 26
189 3752 292 3793 morem
311 3733 365 3790 LR
382 3752 418 3790 m.
436 3735 485 3789 bos
503 3732 569 3787 eds.
