2734 4159
561 316 767 373 PRAEFATIO
1095 317 1172 373 XXV

155 489 275 549 fluxisse
297 507 356 547 uno
378 490 444 548 loco
469 491 570 565 aperte
594 488 816 548 demonstratur
842 489 891 563 10,
907 489 985 562 524,
1007 486 1059 546 551
1083 488 1175 547 verba

155 578 194 637 ad
221 578 409 637 intellectum
440 578 608 636 necessaria
635 576 783 651 „alterum
811 576 890 651 quod
920 577 1173 652 contemplatione

154 668 199 726 fili
218 686 282 727 esse
300 665 419 726 debuit“
437 667 469 725 in
483 667 646 745 Reginensi
664 668 841 725 conservata
854 666 1020 725 Vaticanus
1038 685 1057 725 a
1074 667 1174 743 priore

155 754 296 830 „debuit‘
318 756 356 815 ad
380 755 543 815 secundum
566 754 707 814 aberrans
731 756 841 813 emisit.
890 755 1004 814 accedit
1029 757 1079 829 10,
1099 756 1174 829 496,

155 846 209 904 551
236 848 340 921 155515
364 845 506 904 Vaticani
533 844 625 905 verba
652 844 816 919 „trahentis
844 841 1015 903 baltheum“
1042 862 1102 903 555
1126 864 1173 903 ex-

153 933 240 994 hibet
257 934 293 1008 R,
312 937 343 993 et
367 936 417 1008 10,
434 935 507 1007 515,
530 933 582 993 551
604 952 659 1010 prc
682 932 820 993 absurdis
834 931 975 992 Vaticani
998 933 1096 993 verbis
1119 933 1174 1008 „de

155 1022 253 1083 5555“
282 1027 312 1082 51
339 1043 393 1098 „ex
420 1021 544 1101 genere“
572 1041 675 1082 veram
707 1022 866 1080 lectionem
893 1022 1030 1097 praebet,
1063 1026 1093 1081 et
1120 1023 1174 1081 alii

155 1131 217 1172 uon
243 1112 334 1188 pauci
361 1113 420 1171 1551
448 1111 555 1187 551555
583 1112 737 1172 meliorem
759 1112 917 1170 lectionem
941 1110 1102 1189 Reginensi
1125 1111 1174 1171 de-

153 1202 219 1261 beri
252 1204 416 1277 apparatus
442 1201 550 1260 decimi
577 1200 648 1260 libri
675 1200 769 1259 docet.
815 1219 886 1260 uam
913 1219 950 1258 ne
977 1201 1174 1277 Regineusem

156 1291 314 1351 librarium
336 1291 409 1350 haec
432 1309 485 1349 suo
509 1290 608 1349 studio
632 1288 803 1349 emendasse
826 1292 912 1365 putes
939 1291 1089 1349 innumeri
1114 1290 1173 1349 loci

156 1379 317 1458 prohibent
343 1379 453 1455 quibus
480 1380 668 1454 ineptissima
696 1397 830 1455 quaeque
857 1378 944 1438 siccis
971 1380 1065 1438 oculis
1091 1381 1172 1437 tran-

157 1469 286 1545 scripsit.
310 1468 492 1528 Vaticanum
507 1472 681 1528 autemnon
696 1486 731 1526 55
740 1466 901 1545 Reginensi
915 1468 1096 1545 descriptum
1110 1486 1174 1527 esse

157 1576 226 1617 cum
244 1558 414 1617 litterarum
433 1575 526 1635 genus
545 1557 701 1632 aliquantu
720 1558 867 1616 vetustius
885 1560 950 1616 tum
969 1576 1045 1633 quae
1064 1558 1174 1616 omissa

155 1650 188 1707 in
207 1648 369 1725 Reginenei
382 1647 548 1706 Vaticanus
570 1647 662 1705 habet
683 1666 744 1705 555
766 1665 865 1721 pauca
883 1647 1052 1706 ostendunt.
1088 1649 1120 1705 at
1139 1665 1174 1705 ex

158 1736 260 1795 eodem
285 1736 448 1812 exemplari
471 1739 632 1811 utrumque
654 1735 836 1812 descriptum
860 1736 1056 1813 esseingenti
1075 1736 1172 1794 55115

156 1826 243 1886 55515
271 1826 320 1883 551
347 1827 379 1883 15
407 1825 495 1884 malis
522 1842 667 1884 consensu
694 1824 923 1885 demonstratur.
971 1825 1073 1884 eadem
1096 1827 1175 1882 inter
1263 1829 1266 1834 '

155 1915 355 1993 Regineusem
387 1918 417 1973 et
448 1912 686 1973 Laurentiauum
716 1916 795 1973 ratic
828 1913 993 1973 intercedit.
1043 1915 1174 1989 primum

155 2007 236 2063 enim
260 2005 370 2063 omissa
392 2003 425 2061 in
443 2002 647 2063 Laurentiano
665 2003 841 2082 Reginensis
864 2002 955 2062 habet
977 2002 1062 2062 haec:
1088 2004 1116 2075 l,
1132 2004 1171 2061 19

155 2091 278 2169 ,,5555“,
305 2094 411 2166 1,186
432 2090 529 2167 „per“,
555 2095 583 2166 1,
598 2094 661 2151 506
681 2090 785 2167 „viri“,
806 2095 833 2167 1,
849 2093 912 2150 526
932 2090 1044 2167 ,,5155“,
1066 2097 1093 2166 1,
1109 2093 1172 2149 662

155 2178 325 2257 ,,1555515“,
359 2183 451 2255 2,11
482 2179 749 2256 ,,5555511551555“,
783 2184 816 2255 2,
836 2182 899 2240 632
928 2179 1027 2255 ,,5111“,
1059 2181 1171 2254 4,157

156 2269 281 2345 ,,5555“,
309 2272 418 2344 4,176
443 2269 575 2345 „foeda“,
604 2272 712 2345 4195
742 2269 865 2346 „qucd“,
895 2272 958 2343 5,2
983 2268 1057 2344 ,,51“,
1087 2271 1171 2343 5,16

155 2357 277 2434 „venis“
300 2352 419 2440 (velis),
448 2362 477 2434 5,
493 2361 556 2418 565
581 2359 694 2434 ,,51515“
719 2354 879 2440 (incertum
901 2363 947 2419 est
972 2361 1078 2435 2,192
1104 2358 1173 2433 „ad-

154 2446 277 2523 seruit“,
306 2448 378 2523 5515
405 2449 460 2507 555
483 2468 543 2508 555
566 2449 593 2506 R
615 2452 680 2525 ipse
703 2448 836 2524 scripsit,
864 2448 915 2507 sed
937 2440 968 2507 r‘
989 2451 1022 2506 in
1044 2440 1173 2528 rasura),

154 2538 262 2597 deinde
285 2538 357 2616 Reg.
381 2539 484 2597 veram
511 2539 682 2613 lectionem,
711 2542 801 2613 quam
829 2557 888 2596 non
915 2541 1015 2613 potest
1044 2556 1098 2597 suc
1127 2539 1172 2595 in·

155 2627 275 2705 geniolo
303 2626 444 2686 librarius
472 2646 507 2685 55
534 2630 675 2702 corrupta
703 2626 898 2686 Laurentium
930 2627 1074 2698 effecisse,
1106 2645 1173 2685 cum

155 2717 224 2775 eliis
252 2720 318 2775 tum
344 2716 391 2777 his
417 2716 490 2776 15515
513 2716 644 2775 exhibet:
679 2720 707 2791 1,
723 2717 785 2774 637
811 2734 864 2789 „ex
886 2714 977 2794 iugi“,
1001 2718 1086 2789 2,15
1111 2716 1173 2790 „in-

154 2803 305 2880 bellium“,
335 2807 363 2880 2,
383 2807 425 2863 44
449 2804 593 2882 ‚,tract0“,
621 2807 733 2880 4,121
763 2804 917 2880 „ecferre“,
947 2807 975 2879 4,
996 2806 1059 2864 625
1089 2825 1173 2880 „per-

154 2891 321 2969 turbatae“,
350 2896 380 2968 5,
399 2896 461 2954 497
492 2913 528 2969 „a
550 2893 684 2971 genere“,
716 2895 745 2968 5,
767 2897 829 2954 729
853 2894 907 2968 „de
930 2894 1114 2969 inutilibus“,
1144 2895 1172 2967 5,

157 2986 221 3043 730
245 2981 411 3059 ,,151555“ι
457 2983 510 3042 ubi
537 2986 638 3043 autem
666 2986 719 3043 aut
745 2986 871 3059 uterque
899 2985 1011 3042 erravit
1036 2984 1120 3042 velut
1143 2985 1172 3056 4,

158 3074 219 3132 161
253 3074 360 3146 „nimis
376 3105 417 3113 -
433 3071 554 3148 nimes“,
589 3075 617 3146 5,
642 3074 707 3131 364
740 3074 871 3147 „cunctis
887 3104 929 3112 —
943 3070 1087 3131 cuinctis“
1120 3076 1173 3130 aut

155 3161 230 3239 Reg.
252 3162 334 3219 solus
357 3163 441 3221 55151
465 3163 494 3236 5,
509 3163 572 3222 283
593 3162 737 3238 „inquit“,
762 3165 791 3236 5,
807 3163 871 3220 660
889 3159 1030 3239 „figura“,
1053 3161 1172 3219 facilius

155 3250 211 3309 555
237 3269 272 3308 55
295 3253 460 3310 communis
484 3251 640 3327 archetypi
662 3251 890 3310 difficultatibus
919 3269 1010 3326 quam
1035 3269 1070 3307 ex
1093 3249 1172 3308 Lau·

156 3339 286 3399 sentiani
301 3341 459 3416 perspicua
473 3341 648 3415 plerumque
661 3360 754 3399 manu
768 3341 941 3416 explicatur.
973 3339 1052 3414 quod
1069 3343 1096 3411 1,
1108 3340 1168 3397 591

156 3430 230 3488 55115
254 3428 374 3488 5511555
398 3432 456 3489 est:
487 3448 557 3488 nam
580 3448 648 3488 cum
670 3429 694 3487 L
718 3428 942 3488 beneficiali
966 3438 983 3485 5
1011 3427 1172 3504 scripserit,

156 3537 191 3575 ex
218 3517 264 3576 515
294 3520 372 3577 ceste
395 3518 422 3576 R
449 3537 510 3577 non
537 3520 637 3595 potuit
664 3519 769 3577 elicere
797 3518 1013 3577 benefitium
1040 3519 1171 3589 autern,

156 3609 188 3665 at
211 3608 237 3665 si
261 3607 456 3683 archetypum
479 3610 595 3666 statuas
618 3606 849 3666 beneficiali&
870 3606 1013 3666 habuisse
1032 3608 1061 3665 i.
1071 3625 1101 3664 e.
1114 3606 1181 3662 ‘ue-

156 3696 291 3754 neficia
311 3695 400 3754 baec
421 3700 485 3756 aut
507 3689 577 3779 (pro
600 3696 693 3759 haut
715 3700 754 3761 ut
776 3689 1212 3783 55555551555111155515
