<?xml version="1.0" encoding="UTF-8"?>
<!DOCTYPE html PUBLIC "-//W3C//DTD XHTML 1.0 Transitional//EN"
    "http://www.w3.org/TR/xhtml1/DTD/xhtml1-transitional.dtd">
<html xmlns="http://www.w3.org/1999/xhtml" xml:lang="en" lang="en">
 <head>
  <title>
</title>
<meta http-equiv="Content-Type" content="text/html;charset=utf-8" />
  <meta name='ocr-system' content='tesseract 3.04.00' />
  <meta name='ocr-capabilities' content='ocr_page ocr_carea ocr_par ocr_line ocrx_word'/>
</head>
<body>
  <div class='ocr_page' id='page_1' title='image "./tibericlaudidon02georgoog_0248.png"; bbox 0 0 2734 4159; ppageno 0'>
   <div class='ocr_carea' id='block_1_1' title="bbox 490 300 1198 382">
    <p class='ocr_par' dir='ltr' id='par_1_1' title="bbox 490 300 1198 382">
     <span class='ocr_line' id='line_1_1' title="bbox 490 300 1198 382; baseline 0.013 -23"><span class='ocrx_word' id='word_1_1' title='bbox 490 323 492 327; x_wconf 95' lang='lat'>·</span> <span class='ocrx_word' id='word_1_2' title='bbox 576 300 760 361; x_wconf 73' lang='lat' dir='ltr'><strong>snnnwos</strong></span> <span class='ocrx_word' id='word_1_3' title='bbox 777 302 804 357; x_wconf 92' lang='grc' dir='ltr'><strong>Π</strong></span> <span class='ocrx_word' id='word_1_4' title='bbox 1135 302 1198 382; x_wconf 67' lang='lat'><strong>197</strong></span> 
     </span>
    </p>
   </div>
   <div class='ocr_carea' id='block_1_2' title="bbox 143 471 1261 3311">
    <p class='ocr_par' dir='ltr' id='par_1_2' title="bbox 143 471 1261 3311">
     <span class='ocr_line' id='line_1_2' title="bbox 184 471 1201 550; baseline -0.003 -17"><span class='ocrx_word' id='word_1_5' title='bbox 184 474 277 549; x_wconf 81' lang='lat' dir='ltr'><strong>pariit</strong></span> <span class='ocrx_word' id='word_1_6' title='bbox 309 474 394 533; x_wconf 76' lang='lat' dir='ltr'><strong>curius</strong></span> <span class='ocrx_word' id='word_1_7' title='bbox 424 473 584 550; x_wconf 83' lang='lat' dir='ltr'><strong>imperium</strong></span> <span class='ocrx_word' id='word_1_8' title='bbox 615 490 669 548; x_wconf 90' lang='lat' dir='ltr'><strong>per</strong></span> <span class='ocrx_word' id='word_1_9' title='bbox 701 490 794 544; x_wconf 79' lang='lat' dir='ltr'><strong>annos</strong></span> <span class='ocrx_word' id='word_1_10' title='bbox 823 471 957 537; x_wconf 84' lang='lat' dir='ltr'><strong>infinitos</strong></span> <span class='ocrx_word' id='word_1_11' title='bbox 984 472 1093 534; x_wconf 87' lang='lat' dir='ltr'><strong>floruit.</strong></span> <span class='ocrx_word' id='word_1_12' title='bbox 1137 471 1201 540; x_wconf 85' lang='lat' dir='ltr'><strong>¹ruit</strong></span> 
     </span>
     <span class='ocr_line' id='line_1_3' title="bbox 184 560 1199 638; baseline -0.002 -16"><span class='ocrx_word' id='word_1_13' title='bbox 184 563 325 638; x_wconf 70' lang='lat' dir='ltr'><strong>antiqua:</strong></span> <span class='ocrx_word' id='word_1_14' title='bbox 361 562 519 637; x_wconf 83' lang='lat' dir='ltr'><strong>antiquum</strong></span> <span class='ocrx_word' id='word_1_15' title='bbox 544 560 645 622; x_wconf 79' lang='lat' dir='ltr'>nobile</span> <span class='ocrx_word' id='word_1_16' title='bbox 673 564 704 620; x_wconf 91' lang='lat' dir='ltr'><strong>et</strong></span> <span class='ocrx_word' id='word_1_17' title='bbox 729 562 854 624; x_wconf 86' lang='lat' dir='ltr'><strong>maximi</strong></span> <span class='ocrx_word' id='word_1_18' title='bbox 880 561 980 624; x_wconf 77' lang='lat' dir='ltr'><strong>meriti</strong></span> <span class='ocrx_word' id='word_1_19' title='bbox 1006 564 1124 622; x_wconf 76' lang='lat' dir='ltr'><strong>reseres</strong></span> <span class='ocrx_word' id='word_1_20' title='bbox 1147 580 1199 637; x_wconf 82' lang='lat' dir='ltr'><strong>po·</strong></span> 
     </span>
     <span class='ocr_line' id='line_1_4' title="bbox 184 650 1201 726; baseline -0.004 -13"><span class='ocrx_word' id='word_1_21' title='bbox 184 655 322 726; x_wconf 76' lang='lat' dir='ltr'><strong>sasmnt3</strong></span> <span class='ocrx_word' id='word_1_22' title='bbox 352 650 429 712; x_wconf 83' lang='lat' dir='ltr'><strong>nihil</strong></span> <span class='ocrx_word' id='word_1_23' title='bbox 451 651 529 712; x_wconf 84' lang='lat' dir='ltr'><strong>euim</strong></span> <span class='ocrx_word' id='word_1_24' title='bbox 553 654 742 726; x_wconf 71' lang='lat' dir='ltr'><strong>potestesse</strong></span> <span class='ocrx_word' id='word_1_25' title='bbox 766 650 940 712; x_wconf 83' lang='lat' dir='ltr'><strong>diuturnum</strong></span> <span class='ocrx_word' id='word_1_26' title='bbox 967 650 1027 710; x_wconf 89' lang='lat' dir='ltr'><strong>nisi</strong></span> <span class='ocrx_word' id='word_1_27' title='bbox 1054 651 1133 726; x_wconf 81' lang='lat' dir='ltr'><strong>qnod</strong></span> <span class='ocrx_word' id='word_1_28' title='bbox 1160 653 1201 712; x_wconf 88' lang='lat' dir='ltr'><strong>sit</strong></span> 
     </span>
     <span class='ocr_line' id='line_1_5' title="bbox 183 738 1200 816; baseline -0.003 -15"><span class='ocrx_word' id='word_1_29' title='bbox 183 739 304 803; x_wconf 66' lang='lat' dir='ltr'><strong>nuum</strong></span> <span class='ocrx_word' id='word_1_30' title='bbox 336 743 369 802; x_wconf 85' lang='lat' dir='ltr'><strong>et</strong></span> <span class='ocrx_word' id='word_1_31' title='bbox 397 738 522 816; x_wconf 76' lang='lat' dir='ltr'><strong>dignum</strong></span> <span class='ocrx_word' id='word_1_32' title='bbox 554 739 633 816; x_wconf 88' lang='lat' dir='ltr'><strong>qnod</strong></span> <span class='ocrx_word' id='word_1_33' title='bbox 665 738 772 802; x_wconf 86' lang='lat' dir='ltr'><strong>debeat</strong></span> <span class='ocrx_word' id='word_1_34' title='bbox 803 740 895 802; x_wconf 80' lang='lat' dir='ltr'><strong>etiam</strong></span> <span class='ocrx_word' id='word_1_35' title='bbox 933 740 1042 804; x_wconf 73' lang='lat' dir='ltr'><strong>tuturis</strong></span> <span class='ocrx_word' id='word_1_36' title='bbox 1075 740 1200 804; x_wconf 79' lang='lat' dir='ltr'><strong>saeculis</strong></span> 
     </span>
     <span class='ocr_line' id='line_1_6' title="bbox 156 821 1208 905; baseline -0.003 -15"><span class='ocrx_word' id='word_1_37' title='bbox 156 830 341 899; x_wconf 68' lang='lat' dir='ltr'><strong>inservari.</strong></span> <span class='ocrx_word' id='word_1_38' title='bbox 392 821 463 890; x_wconf 83' lang='lat' dir='ltr'><strong>huie</strong></span> <span class='ocrx_word' id='word_1_39' title='bbox 494 830 589 905; x_wconf 77' lang='lat' dir='ltr'><strong>igitur</strong></span> <span class='ocrx_word' id='word_1_40' title='bbox 619 827 774 890; x_wconf 82' lang='lat' dir='ltr'><strong>nobilitati</strong></span> <span class='ocrx_word' id='word_1_41' title='bbox 804 830 922 904; x_wconf 84' lang='lat' dir='ltr'><strong>patriae</strong></span> <span class='ocrx_word' id='word_1_42' title='bbox 954 846 1025 892; x_wconf 82' lang='lat' dir='ltr'><strong>suae</strong></span> <span class='ocrx_word' id='word_1_43' title='bbox 1056 833 1208 904; x_wconf 28' lang='lat' dir='ltr'><strong>conparat·</strong></span> 
     </span>
     <span class='ocr_line' id='line_1_7' title="bbox 183 916 1201 993; baseline -0.003 -15"><span class='ocrx_word' id='word_1_44' title='bbox 183 922 303 993; x_wconf 78' lang='lat' dir='ltr'><strong>ternpus</strong></span> <span class='ocrx_word' id='word_1_45' title='bbox 331 936 391 993; x_wconf 90' lang='lat' dir='ltr'><strong>quo</strong></span> <span class='ocrx_word' id='word_1_46' title='bbox 417 919 486 993; x_wconf 90' lang='lat' dir='ltr'><strong>ipsa</strong></span> <span class='ocrx_word' id='word_1_47' title='bbox 513 935 580 976; x_wconf 88' lang='lat' dir='ltr'><strong>cum</strong></span> <span class='ocrx_word' id='word_1_48' title='bbox 607 916 722 978; x_wconf 83' lang='lat' dir='ltr'><strong>civibus</strong></span> <span class='ocrx_word' id='word_1_49' title='bbox 746 920 838 993; x_wconf 80' lang='lat' dir='ltr'><strong>atque</strong></span> <span class='ocrx_word' id='word_1_50' title='bbox 858 918 998 980; x_wconf 82' lang='lat' dir='ltr'><strong>universo</strong></span> <span class='ocrx_word' id='word_1_51' title='bbox 1019 918 1201 993; x_wconf 77' lang='lat' dir='ltr'><strong>imperiosi</strong></span> 
     </span>
     <span class='ocr_line' id='line_1_8' title="bbox 184 1006 1207 1085; baseline 0 -21"><span class='ocrx_word' id='word_1_52' title='bbox 184 1006 291 1085; x_wconf 82' lang='lat' dir='ltr'><strong>opibus</strong></span> <span class='ocrx_word' id='word_1_53' title='bbox 314 1008 377 1066; x_wconf 86' lang='lat' dir='ltr'><strong>suis</strong></span> <span class='ocrx_word' id='word_1_54' title='bbox 401 1006 559 1084; x_wconf 78' lang='lat' dir='ltr'><strong>absumpta</strong></span> <span class='ocrx_word' id='word_1_55' title='bbox 582 1009 637 1081; x_wconf 85' lang='lat' dir='ltr'><strong>est,</strong></span> <span class='ocrx_word' id='word_1_56' title='bbox 658 1007 796 1080; x_wconf 79' lang='lat' dir='ltr'><strong>felicitae,</strong></span> <span class='ocrx_word' id='word_1_57' title='bbox 819 1008 927 1082; x_wconf 87' lang='lat' dir='ltr'><strong>iuquit,</strong></span> <span class='ocrx_word' id='word_1_58' title='bbox 949 1008 1104 1072; x_wconf 81' lang='lat' dir='ltr'><strong>tantorum</strong></span> <span class='ocrx_word' id='word_1_59' title='bbox 1125 1008 1207 1066; x_wconf 79' lang='lat' dir='ltr'><strong>tem·</strong></span> 
     </span>
     <span class='ocr_line' id='line_1_9' title="bbox 183 1094 1201 1173; baseline -0.003 -18"><span class='ocrx_word' id='word_1_60' title='bbox 183 1116 292 1173; x_wconf 91' lang='lat' dir='ltr'><strong>porum</strong></span> <span class='ocrx_word' id='word_1_61' title='bbox 320 1096 407 1155; x_wconf 91' lang='lat' dir='ltr'><strong>unius</strong></span> <span class='ocrx_word' id='word_1_62' title='bbox 434 1098 530 1155; x_wconf 89' lang='lat' dir='ltr'><strong>noctis</strong></span> <span class='ocrx_word' id='word_1_63' title='bbox 558 1096 656 1169; x_wconf 88' lang='lat' dir='ltr'><strong>spatio</strong></span> <span class='ocrx_word' id='word_1_64' title='bbox 684 1094 861 1156; x_wconf 88' lang='lat' dir='ltr'><strong>adversante</strong></span> <span class='ocrx_word' id='word_1_65' title='bbox 888 1094 1029 1156; x_wconf 86' lang='lat' dir='ltr'><strong>subversa</strong></span> <span class='ocrx_word' id='word_1_66' title='bbox 1057 1097 1116 1169; x_wconf 85' lang='lat' dir='ltr'><strong>est,</strong></span> <span class='ocrx_word' id='word_1_67' title='bbox 1142 1095 1201 1160; x_wconf 70' lang='lat' dir='ltr'><strong>iuuit</strong></span> 
     </span>
     <span class='ocr_line' id='line_1_10' title="bbox 184 1183 1258 1263; baseline -0.005 -17"><span class='ocrx_word' id='word_1_68' title='bbox 184 1203 257 1263; x_wconf 78' lang='lat' dir='ltr'><strong>ergo</strong></span> <span class='ocrx_word' id='word_1_69' title='bbox 279 1184 371 1244; x_wconf 86' lang='lat' dir='ltr'><strong>etiam</strong></span> <span class='ocrx_word' id='word_1_70' title='bbox 394 1183 629 1249; x_wconf 68' lang='lat' dir='ltr'><strong>consideratione</strong></span> <span class='ocrx_word' id='word_1_71' title='bbox 652 1187 796 1260; x_wconf 89' lang='lat' dir='ltr'><strong>temporis</strong></span> <span class='ocrx_word' id='word_1_72' title='bbox 819 1184 913 1248; x_wconf 86' lang='lat' dir='ltr'><strong>dolor.</strong></span> <span class='ocrx_word' id='word_1_73' title='bbox 951 1202 1019 1244; x_wconf 89' lang='lat' dir='ltr'><strong>cum</strong></span> <span class='ocrx_word' id='word_1_74' title='bbox 1037 1183 1117 1249; x_wconf 78' lang='lat' dir='ltr'><strong>enim</strong></span> <span class='ocrx_word' id='word_1_75' title='bbox 1134 1202 1200 1259; x_wconf 90' lang='lat' dir='ltr'><strong>per·</strong></span> <span class='ocrx_word' id='word_1_76' title='bbox 1235 1211 1258 1219; x_wconf 59' lang='lat'><strong>&gt;-</strong></span> 
     </span>
     <span class='ocr_line' id='line_1_11' title="bbox 145 1274 1201 1351; baseline 0 -17"><span class='ocrx_word' id='word_1_77' title='bbox 145 1296 170 1335; x_wconf 83' lang='grc' dir='ltr'><strong>ιο</strong></span> <span class='ocrx_word' id='word_1_78' title='bbox 184 1274 251 1338; x_wconf 87' lang='lat' dir='ltr'><strong>dita</strong></span> <span class='ocrx_word' id='word_1_79' title='bbox 273 1276 469 1351; x_wconf 80' lang='lat' dir='ltr'><strong>gemerentur,</strong></span> <span class='ocrx_word' id='word_1_80' title='bbox 492 1292 569 1349; x_wconf 89' lang='lat' dir='ltr'><strong>quae</strong></span> <span class='ocrx_word' id='word_1_81' title='bbox 591 1274 732 1336; x_wconf 83' lang='lat' dir='ltr'><strong>inimicae</strong></span> <span class='ocrx_word' id='word_1_82' title='bbox 754 1275 850 1336; x_wconf 85' lang='lat' dir='ltr'><strong>noctis</strong></span> <span class='ocrx_word' id='word_1_83' title='bbox 869 1275 957 1338; x_wconf 85' lang='lat' dir='ltr'><strong>unius</strong></span> <span class='ocrx_word' id='word_1_84' title='bbox 977 1275 1136 1351; x_wconf 74' lang='lat' dir='ltr'><strong>angustiae</strong></span> <span class='ocrx_word' id='word_1_85' title='bbox 1152 1291 1201 1334; x_wconf 80' lang='lat' dir='ltr'><strong>ex·</strong></span> 
     </span>
     <span class='ocr_line' id='line_1_12' title="bbox 184 1360 1201 1440; baseline -0.004 -17"><span class='ocrx_word' id='word_1_86' title='bbox 184 1364 272 1424; x_wconf 83' lang='lat' dir='ltr'><strong>clusa</strong></span> <span class='ocrx_word' id='word_1_87' title='bbox 300 1362 460 1434; x_wconf 84' lang='lat' dir='ltr'><strong>latitudine</strong></span> <span class='ocrx_word' id='word_1_88' title='bbox 492 1362 655 1440; x_wconf 71' lang='lat' dir='ltr'>longaevae</span> <span class='ocrx_word' id='word_1_89' title='bbox 687 1362 841 1426; x_wconf 82' lang='lat' dir='ltr'><strong>felicitatis</strong></span> <span class='ocrx_word' id='word_1_90' title='bbox 874 1365 1055 1438; x_wconf 82' lang='lat' dir='ltr'><strong>exciverant,</strong></span> <span class='ocrx_word' id='word_1_91' title='bbox 1091 1360 1201 1426; x_wconf 87' lang='lat' dir='ltr'><strong>adiecit</strong></span> 
     </span>
     <span class='ocr_line' id='line_1_13' title="bbox 183 1450 1201 1530; baseline 0.002 -18"><span class='ocrx_word' id='word_1_92' title='bbox 183 1450 370 1526; x_wconf 87' lang='lat' dir='ltr'><strong>miseranda,</strong></span> <span class='ocrx_word' id='word_1_93' title='bbox 392 1470 520 1527; x_wconf 88' lang='lat' dir='ltr'><strong>quorum</strong></span> <span class='ocrx_word' id='word_1_94' title='bbox 543 1451 605 1510; x_wconf 87' lang='lat' dir='ltr'><strong>alia</strong></span> <span class='ocrx_word' id='word_1_95' title='bbox 628 1450 837 1528; x_wconf 84' lang='lat' dir='ltr'><strong>significabant</strong></span> <span class='ocrx_word' id='word_1_96' title='bbox 858 1451 1070 1530; x_wconf 69' lang='lat' dir='ltr'><strong>indignitatem</strong></span> <span class='ocrx_word' id='word_1_97' title='bbox 1092 1470 1201 1525; x_wconf 80' lang='lat' dir='ltr'><strong>rerum,</strong></span> 
     </span>
     <span class='ocr_line' id='line_1_14' title="bbox 184 1539 1200 1616; baseline -0.005 -13"><span class='ocrx_word' id='word_1_98' title='bbox 184 1542 250 1611; x_wconf 85' lang='lat' dir='ltr'><strong>alia</strong></span> <span class='ocrx_word' id='word_1_99' title='bbox 280 1539 489 1601; x_wconf 71' lang='lat' dir='ltr'><strong>crudelitatem</strong></span> <span class='ocrx_word' id='word_1_100' title='bbox 520 1541 665 1614; x_wconf 68' lang='lat' dir='ltr'><strong>hatum,</strong></span> <span class='ocrx_word' id='word_1_101' title='bbox 697 1543 849 1616; x_wconf 84' lang='lat' dir='ltr'><strong>postremo</strong></span> <span class='ocrx_word' id='word_1_102' title='bbox 880 1541 940 1603; x_wconf 89' lang='lat' dir='ltr'><strong>alia</strong></span> <span class='ocrx_word' id='word_1_103' title='bbox 969 1560 1045 1616; x_wconf 90' lang='lat' dir='ltr'><strong>quae</strong></span> <span class='ocrx_word' id='word_1_104' title='bbox 1072 1540 1103 1599; x_wconf 91' lang='lat' dir='ltr'><strong>in</strong></span> <span class='ocrx_word' id='word_1_105' title='bbox 1131 1540 1200 1604; x_wconf 85' lang='lat' dir='ltr'><strong>deos</strong></span> 
     </span>
     <span class='ocr_line' id='line_1_15' title="bbox 184 1620 1208 1709; baseline -0.002 -21"><span class='ocrx_word' id='word_1_106' title='bbox 184 1649 306 1709; x_wconf 86' lang='lat' dir='ltr'><strong>quoque</strong></span> <span class='ocrx_word' id='word_1_107' title='bbox 321 1629 451 1689; x_wconf 86' lang='lat' dir='ltr'><strong>admissa</strong></span> <span class='ocrx_word' id='word_1_108' title='bbox 465 1630 623 1708; x_wconf 82' lang='lat' dir='ltr'><strong>sacrilegia</strong></span> <span class='ocrx_word' id='word_1_109' title='bbox 641 1631 831 1695; x_wconf 72' lang='lat' dir='ltr'><strong>testarentur.</strong></span> <span class='ocrx_word' id='word_1_110' title='bbox 860 1630 1027 1707; x_wconf 72' lang='lat' dir='ltr'><strong>indignitas</strong></span> <span class='ocrx_word' id='word_1_111' title='bbox 1044 1630 1104 1689; x_wconf 85' lang='lat' dir='ltr'><strong>init</strong></span> <span class='ocrx_word' id='word_1_112' title='bbox 1122 1620 1208 1705; x_wconf 71' lang='lat' dir='ltr'><strong>quod&#39;</strong></span> 
     </span>
     <span class='ocr_line' id='line_1_16' title="bbox 145 1712 1206 1800; baseline -0.009 -15"><span class='ocrx_word' id='word_1_113' title='bbox 145 1742 170 1785; x_wconf 70' lang='lat' dir='ltr'><strong>a</strong></span> <span class='ocrx_word' id='word_1_114' title='bbox 183 1720 414 1781; x_wconf 84' lang='lat' dir='ltr'><strong>interfectorum</strong></span> <span class='ocrx_word' id='word_1_115' title='bbox 430 1736 564 1794; x_wconf 80' lang='lat' dir='ltr'><strong>corpora</strong></span> <span class='ocrx_word' id='word_1_116' title='bbox 592 1719 787 1795; x_wconf 87' lang='lat' dir='ltr'><strong>oppleverant</strong></span> <span class='ocrx_word' id='word_1_117' title='bbox 814 1720 879 1779; x_wconf 85' lang='lat' dir='ltr'><strong>vias</strong></span> <span class='ocrx_word' id='word_1_118' title='bbox 908 1712 999 1800; x_wconf 85' lang='lat' dir='ltr'><strong>(quae</strong></span> <span class='ocrx_word' id='word_1_119' title='bbox 1027 1719 1116 1778; x_wconf 85' lang='lat' dir='ltr'><strong>aliter</strong></span> <span class='ocrx_word' id='word_1_120' title='bbox 1142 1720 1206 1783; x_wconf 81' lang='lat' dir='ltr'><strong>vici.</strong></span> 
     </span>
     <span class='ocr_line' id='line_1_17' title="bbox 184 1800 1202 1888; baseline -0.002 -20"><span class='ocrx_word' id='word_1_121' title='bbox 184 1800 391 1888; x_wconf 81' lang='lat' dir='ltr'><strong>appellantur)</strong></span> <span class='ocrx_word' id='word_1_122' title='bbox 419 1811 450 1865; x_wconf 89' lang='lat' dir='ltr'><strong>et</strong></span> <span class='ocrx_word' id='word_1_123' title='bbox 477 1810 582 1867; x_wconf 85' lang='lat' dir='ltr'><strong>contra</strong></span> <span class='ocrx_word' id='word_1_124' title='bbox 609 1826 697 1867; x_wconf 90' lang='lat' dir='ltr'><strong>suum</strong></span> <span class='ocrx_word' id='word_1_125' title='bbox 726 1807 814 1869; x_wconf 77' lang='lat' dir='ltr'><strong>decess</strong></span> <span class='ocrx_word' id='word_1_126' title='bbox 841 1827 901 1868; x_wconf 89' lang='lat' dir='ltr'><strong>non</strong></span> <span class='ocrx_word' id='word_1_127' title='bbox 929 1810 1100 1874; x_wconf 79' lang='lat' dir='ltr'><strong>meruerant</strong></span> <span class='ocrx_word' id='word_1_128' title='bbox 1122 1808 1202 1874; x_wconf 85' lang='lat' dir='ltr'><strong>hunc</strong></span> 
     </span>
     <span class='ocr_line' id='line_1_18' title="bbox 185 1897 1201 1971; baseline 0.001 -15"><span class='ocrx_word' id='word_1_129' title='bbox 185 1900 301 1959; x_wconf 82' lang='lat' dir='ltr'><strong>exitum</strong></span> <span class='ocrx_word' id='word_1_130' title='bbox 322 1898 475 1971; x_wconf 85' lang='lat' dir='ltr'><strong>talemque</strong></span> <span class='ocrx_word' id='word_1_131' title='bbox 493 1897 599 1958; x_wconf 88' lang='lat' dir='ltr'><strong>mortis</strong></span> <span class='ocrx_word' id='word_1_132' title='bbox 617 1915 719 1959; x_wconf 88' lang='lat' dir='ltr'><strong>casum</strong></span> <span class='ocrx_word' id='word_1_133' title='bbox 737 1898 845 1971; x_wconf 84' lang='lat' dir='ltr'><strong>subire,</strong></span> <span class='ocrx_word' id='word_1_134' title='bbox 864 1916 932 1958; x_wconf 87' lang='lat' dir='ltr'><strong>cum</strong></span> <span class='ocrx_word' id='word_1_135' title='bbox 951 1898 1098 1966; x_wconf 85' lang='lat' dir='ltr'><strong>caderent.</strong></span> <span class='ocrx_word' id='word_1_136' title='bbox 1135 1914 1201 1957; x_wconf 88' lang='lat' dir='ltr'><strong>ecoe</strong></span> 
     </span>
     <span class='ocr_line' id='line_1_19' title="bbox 185 1985 1201 2062; baseline -0.005 -14"><span class='ocrx_word' id='word_1_137' title='bbox 185 1986 270 2049; x_wconf 79' lang='lat' dir='ltr'><strong>aliud</strong></span> <span class='ocrx_word' id='word_1_138' title='bbox 302 1988 470 2062; x_wconf 80' lang='lat' dir='ltr'><strong>exequitur,</strong></span> <span class='ocrx_word' id='word_1_139' title='bbox 502 1986 583 2061; x_wconf 89' lang='lat' dir='ltr'><strong>quod</strong></span> <span class='ocrx_word' id='word_1_140' title='bbox 613 1988 733 2062; x_wconf 79' lang='lat' dir='ltr'><strong>praeter</strong></span> <span class='ocrx_word' id='word_1_141' title='bbox 765 1988 839 2050; x_wconf 80' lang='lat' dir='ltr'><strong>civis</strong></span> <span class='ocrx_word' id='word_1_142' title='bbox 868 1986 1018 2050; x_wconf 84' lang='lat' dir='ltr'><strong>adfectum</strong></span> <span class='ocrx_word' id='word_1_143' title='bbox 1046 1988 1137 2048; x_wconf 88' lang='lat' dir='ltr'><strong>etiam</strong></span> <span class='ocrx_word' id='word_1_144' title='bbox 1165 1985 1201 2056; x_wconf 79' lang='lat' dir='ltr'><strong>de</strong></span> 
     </span>
     <span class='ocr_line' id='line_1_20' title="bbox 184 2074 1201 2151; baseline -0.004 -14"><span class='ocrx_word' id='word_1_145' title='bbox 184 2078 365 2151; x_wconf 80' lang='lat' dir='ltr'><strong>contemptis</strong></span> <span class='ocrx_word' id='word_1_146' title='bbox 392 2074 673 2138; x_wconf 80' lang='lat' dir='ltr'><strong>numinibus&#39;dolet</strong></span> <span class='ocrx_word' id='word_1_147' title='bbox 695 2078 801 2151; x_wconf 81' lang='lat' dir='ltr'><strong>utpote</strong></span> <span class='ocrx_word' id='word_1_148' title='bbox 823 2074 947 2140; x_wconf 83' lang='lat' dir='ltr'><strong>deorum</strong></span> <span class='ocrx_word' id='word_1_149' title='bbox 970 2077 1094 2140; x_wconf 88' lang='lat' dir='ltr'><strong>antistes</strong></span> <span class='ocrx_word' id='word_1_150' title='bbox 1117 2093 1201 2151; x_wconf 85' lang='lat' dir='ltr'><strong>prae-</strong></span> 
     </span>
     <span class='ocr_line' id='line_1_21' title="bbox 145 2162 1202 2243; baseline -0.001 -20"><span class='ocrx_word' id='word_1_151' title='bbox 145 2188 171 2226; x_wconf 71' lang='lat' dir='ltr'><strong>re</strong></span> <span class='ocrx_word' id='word_1_152' title='bbox 186 2165 286 2229; x_wconf 81' lang='lat' dir='ltr'><strong>clarus</strong></span> <span class='ocrx_word' id='word_1_153' title='bbox 309 2166 340 2223; x_wconf 92' lang='lat' dir='ltr'><strong>et</strong></span> <span class='ocrx_word' id='word_1_154' title='bbox 363 2164 473 2223; x_wconf 87' lang='lat' dir='ltr'><strong>cultor:</strong></span> <span class='ocrx_word' id='word_1_155' title='bbox 504 2183 616 2240; x_wconf 84' lang='lat' dir='ltr'><strong>perque</strong></span> <span class='ocrx_word' id='word_1_156' title='bbox 639 2163 756 2239; x_wconf 89' lang='lat' dir='ltr'><strong>domes,</strong></span> <span class='ocrx_word' id='word_1_157' title='bbox 778 2166 892 2240; x_wconf 85' lang='lat' dir='ltr'><strong>inquit,</strong></span> <span class='ocrx_word' id='word_1_158' title='bbox 920 2167 950 2225; x_wconf 93' lang='lat' dir='ltr'><strong>et</strong></span> <span class='ocrx_word' id='word_1_159' title='bbox 971 2166 1112 2243; x_wconf 81' lang='lat' dir='ltr'><strong>religiosa</strong></span> <span class='ocrx_word' id='word_1_160' title='bbox 1134 2162 1202 2222; x_wconf 88' lang='lat' dir='ltr'><strong>deo·</strong></span> 
     </span>
     <span class='ocr_line' id='line_1_22' title="bbox 184 2253 1201 2329; baseline -0.004 -16"><span class='ocrx_word' id='word_1_161' title='bbox 184 2274 254 2318; x_wconf 82' lang='lat' dir='ltr'><strong>rum</strong></span> <span class='ocrx_word' id='word_1_162' title='bbox 280 2253 400 2328; x_wconf 87' lang='lat' dir='ltr'><strong>limina,</strong></span> <span class='ocrx_word' id='word_1_163' title='bbox 432 2258 466 2314; x_wconf 92' lang='lat' dir='ltr'><strong>ut</strong></span> <span class='ocrx_word' id='word_1_164' title='bbox 497 2273 558 2315; x_wconf 89' lang='lat' dir='ltr'><strong>non</strong></span> <span class='ocrx_word' id='word_1_165' title='bbox 584 2256 704 2316; x_wconf 72' lang='lat' dir='ltr'><strong>tantm</strong></span> <span class='ocrx_word' id='word_1_166' title='bbox 731 2253 790 2318; x_wconf 80' lang='lat' dir='ltr'><strong>vici</strong></span> <span class='ocrx_word' id='word_1_167' title='bbox 816 2272 921 2314; x_wconf 87' lang='lat' dir='ltr'><strong>verum</strong></span> <span class='ocrx_word' id='word_1_168' title='bbox 947 2255 1040 2316; x_wconf 85' lang='lat' dir='ltr'><strong>etiam</strong></span> <span class='ocrx_word' id='word_1_169' title='bbox 1066 2255 1201 2329; x_wconf 80' lang='lat' dir='ltr'><strong>privatae</strong></span> 
     </span>
     <span class='ocr_line' id='line_1_23' title="bbox 184 2335 1204 2420; baseline -0.006 -14"><span class='ocrx_word' id='word_1_170' title='bbox 184 2343 305 2418; x_wconf 61' lang='lat' dir='ltr'><strong>mus,</strong></span> <span class='ocrx_word' id='word_1_171' title='bbox 326 2342 440 2418; x_wconf 89' lang='lat' dir='ltr'><strong>templa</strong></span> <span class='ocrx_word' id='word_1_172' title='bbox 464 2362 581 2418; x_wconf 89' lang='lat' dir='ltr'><strong>quoque</strong></span> <span class='ocrx_word' id='word_1_173' title='bbox 603 2342 742 2407; x_wconf 86' lang='lat' dir='ltr'><strong>humanis</strong></span> <span class='ocrx_word' id='word_1_174' title='bbox 764 2342 936 2418; x_wconf 77' lang='lat' dir='ltr'><strong>corporibus</strong></span> <span class='ocrx_word' id='word_1_175' title='bbox 958 2343 1048 2418; x_wconf 91' lang='lat' dir='ltr'><strong>plena</strong></span> <span class='ocrx_word' id='word_1_176' title='bbox 1075 2335 1204 2420; x_wconf 86' lang='lat' dir='ltr'><strong>[essent]</strong></span> 
     </span>
     <span class='ocr_line' id='line_1_24' title="bbox 184 2430 1203 2509; baseline -0.003 -17"><span class='ocrx_word' id='word_1_177' title='bbox 184 2436 216 2493; x_wconf 91' lang='lat' dir='ltr'><strong>et</strong></span> <span class='ocrx_word' id='word_1_178' title='bbox 239 2450 394 2494; x_wconf 85' lang='lat' dir='ltr'><strong>caesorum</strong></span> <span class='ocrx_word' id='word_1_179' title='bbox 415 2432 570 2493; x_wconf 84' lang='lat' dir='ltr'><strong>hominum</strong></span> <span class='ocrx_word' id='word_1_180' title='bbox 593 2433 738 2509; x_wconf 82' lang='lat' dir='ltr'><strong>sanguine</strong></span> <span class='ocrx_word' id='word_1_181' title='bbox 760 2431 969 2496; x_wconf 82' lang='lat' dir='ltr'><strong>redundarent.</strong></span> <span class='ocrx_word' id='word_1_182' title='bbox 1011 2433 1131 2494; x_wconf 86' lang='lat' dir='ltr'><strong>tantum</strong></span> <span class='ocrx_word' id='word_1_183' title='bbox 1153 2430 1203 2496; x_wconf 82' lang='lat' dir='ltr'><strong>hic</strong></span> 
     </span>
     <span class='ocr_line' id='line_1_25' title="bbox 187 2519 1202 2598; baseline -0.006 -15"><span class='ocrx_word' id='word_1_184' title='bbox 187 2519 314 2595; x_wconf 80' lang='lat' dir='ltr'><strong>addidit,</strong></span> <span class='ocrx_word' id='word_1_185' title='bbox 332 2525 367 2579; x_wconf 92' lang='lat' dir='ltr'><strong>ut</strong></span> <span class='ocrx_word' id='word_1_186' title='bbox 384 2521 540 2584; x_wconf 79' lang='lat' dir='ltr'><strong>relationis</strong></span> <span class='ocrx_word' id='word_1_187' title='bbox 558 2521 704 2583; x_wconf 87' lang='lat' dir='ltr'><strong>invidiam</strong></span> <span class='ocrx_word' id='word_1_188' title='bbox 723 2520 874 2598; x_wconf 75' lang='lat' dir='ltr'><strong>gradatim</strong></span> <span class='ocrx_word' id='word_1_189' title='bbox 893 2520 1003 2581; x_wconf 83' lang='lat' dir='ltr'><strong>iaceret</strong></span> <span class='ocrx_word' id='word_1_190' title='bbox 1026 2520 1202 2597; x_wconf 81' lang='lat' dir='ltr'><strong>graviorem.</strong></span> 
     </span>
     <span class='ocr_line' id='line_1_26' title="bbox 146 2608 1261 2690; baseline 0.003 -19"><span class='ocrx_word' id='word_1_191' title='bbox 146 2632 173 2672; x_wconf 76' lang='lat' dir='ltr'><strong>sn</strong></span> <span class='ocrx_word' id='word_1_192' title='bbox 189 2609 263 2688; x_wconf 88' lang='lat' dir='ltr'><strong>quid</strong></span> <span class='ocrx_word' id='word_1_193' title='bbox 290 2612 367 2679; x_wconf 88' lang='lat' dir='ltr'><strong>enim</strong></span> <span class='ocrx_word' id='word_1_194' title='bbox 397 2610 528 2672; x_wconf 84' lang='lat' dir='ltr'><strong>deterius</strong></span> <span class='ocrx_word' id='word_1_195' title='bbox 552 2610 611 2671; x_wconf 86' lang='lat' dir='ltr'><strong>dici</strong></span> <span class='ocrx_word' id='word_1_196' title='bbox 632 2609 733 2685; x_wconf 89' lang='lat' dir='ltr'><strong>potuit</strong></span> <span class='ocrx_word' id='word_1_197' title='bbox 756 2608 898 2670; x_wconf 82' lang='lat' dir='ltr'><strong>accidisse</strong></span> <span class='ocrx_word' id='word_1_198' title='bbox 921 2628 1011 2684; x_wconf 84' lang='lat' dir='ltr'><strong>qnam</strong></span> <span class='ocrx_word' id='word_1_199' title='bbox 1032 2608 1087 2673; x_wconf 93' lang='lat' dir='ltr'><strong>illo</strong></span> <span class='ocrx_word' id='word_1_200' title='bbox 1108 2626 1220 2690; x_wconf 82' lang='lat' dir='ltr'><strong>usque·</strong></span> <span class='ocrx_word' id='word_1_201' title='bbox 1239 2630 1261 2674; x_wconf 68' lang='lat'><strong>·†</strong></span> 
     </span>
     <span class='ocr_line' id='line_1_27' title="bbox 187 2697 1202 2777; baseline 0.003 -19"><span class='ocrx_word' id='word_1_202' title='bbox 187 2698 386 2760; x_wconf 72' lang='lat' dir='ltr'><strong>Troianorum</strong></span> <span class='ocrx_word' id='word_1_203' title='bbox 409 2700 490 2760; x_wconf 87' lang='lat' dir='ltr'><strong>mala</strong></span> <span class='ocrx_word' id='word_1_204' title='bbox 512 2700 603 2762; x_wconf 72' lang='lat' dir='ltr'><strong>finisse</strong></span> <span class='ocrx_word' id='word_1_205' title='bbox 621 2718 788 2777; x_wconf 81' lang='lat' dir='ltr'><strong>progressa,</strong></span> <span class='ocrx_word' id='word_1_206' title='bbox 811 2701 846 2756; x_wconf 93' lang='lat' dir='ltr'><strong>ut</strong></span> <span class='ocrx_word' id='word_1_207' title='bbox 867 2698 1001 2758; x_wconf 89' lang='lat' dir='ltr'><strong>homines</strong></span> <span class='ocrx_word' id='word_1_208' title='bbox 1020 2698 1072 2773; x_wconf 89' lang='lat' dir='ltr'><strong>qui</strong></span> <span class='ocrx_word' id='word_1_209' title='bbox 1087 2697 1202 2761; x_wconf 83' lang='lat' dir='ltr'><strong>hostia·</strong></span> 
     </span>
     <span class='ocr_line' id='line_1_28' title="bbox 185 2788 1202 2865; baseline -0.004 -16"><span class='ocrx_word' id='word_1_210' title='bbox 185 2806 255 2849; x_wconf 79' lang='lat' dir='ltr'><strong>rmn</strong></span> <span class='ocrx_word' id='word_1_211' title='bbox 282 2790 427 2865; x_wconf 85' lang='lat' dir='ltr'><strong>sanguine</strong></span> <span class='ocrx_word' id='word_1_212' title='bbox 454 2789 574 2863; x_wconf 81' lang='lat' dir='ltr'><strong>placare</strong></span> <span class='ocrx_word' id='word_1_213' title='bbox 600 2790 817 2852; x_wconf 83' lang='lat' dir='ltr'><strong>consueverant</strong></span> <span class='ocrx_word' id='word_1_214' title='bbox 838 2788 909 2848; x_wconf 86' lang='lat' dir='ltr'><strong>deos</strong></span> <span class='ocrx_word' id='word_1_215' title='bbox 931 2788 985 2848; x_wconf 83' lang='lat' dir='ltr'><strong>hoe</strong></span> <span class='ocrx_word' id='word_1_216' title='bbox 1008 2805 1112 2853; x_wconf 84' lang='lat' dir='ltr'><strong>eruore</strong></span> <span class='ocrx_word' id='word_1_217' title='bbox 1134 2806 1202 2863; x_wconf 87' lang='lat' dir='ltr'><strong>pro-</strong></span> 
     </span>
     <span class='ocr_line' id='line_1_29' title="bbox 184 2875 1201 2956; baseline -0.001 -19"><span class='ocrx_word' id='word_1_218' title='bbox 184 2876 252 2952; x_wconf 81' lang='lat' dir='ltr'><strong>pn&#39;o</strong></span> <span class='ocrx_word' id='word_1_219' title='bbox 279 2875 487 2938; x_wconf 78' lang='lat' dir='ltr'><strong>funestarent?</strong></span> <span class='ocrx_word' id='word_1_220' title='bbox 530 2879 576 2940; x_wconf 88' lang='lat' dir='ltr'><strong>ita</strong></span> <span class='ocrx_word' id='word_1_221' title='bbox 602 2878 635 2937; x_wconf 87' lang='lat' dir='ltr'><strong>in</strong></span> <span class='ocrx_word' id='word_1_222' title='bbox 657 2897 750 2940; x_wconf 88' lang='lat' dir='ltr'><strong>uuum</strong></span> <span class='ocrx_word' id='word_1_223' title='bbox 773 2877 927 2956; x_wconf 78' lang='lat' dir='ltr'><strong>colligitur</strong></span> <span class='ocrx_word' id='word_1_224' title='bbox 949 2878 1082 2937; x_wconf 88' lang='lat' dir='ltr'><strong>omnium</strong></span> <span class='ocrx_word' id='word_1_225' title='bbox 1104 2876 1201 2941; x_wconf 84' lang='lat' dir='ltr'><strong>infeli·</strong></span> 
     </span>
     <span class='ocr_line' id='line_1_30' title="bbox 185 2964 1202 3046; baseline -0.006 -16"><span class='ocrx_word' id='word_1_226' title='bbox 185 2966 275 3040; x_wconf 77' lang='lat' dir='ltr'><strong>citas,</strong></span> <span class='ocrx_word' id='word_1_227' title='bbox 306 2970 349 3036; x_wconf 78' lang='lat' dir='ltr'><strong>ut</strong></span> <span class='ocrx_word' id='word_1_228' title='bbox 372 2966 484 3042; x_wconf 86' lang='lat' dir='ltr'><strong>periret</strong></span> <span class='ocrx_word' id='word_1_229' title='bbox 510 2968 607 3042; x_wconf 78' lang='lat' dir='ltr'><strong>primo</strong></span> <span class='ocrx_word' id='word_1_230' title='bbox 636 2968 736 3042; x_wconf 72' lang='lat' dir='ltr'><strong>patria</strong></span> <span class='ocrx_word' id='word_1_231' title='bbox 763 2984 831 3028; x_wconf 88' lang='lat' dir='ltr'><strong>cum</strong></span> <span class='ocrx_word' id='word_1_232' title='bbox 857 2986 949 3045; x_wconf 81' lang='lat' dir='ltr'><strong>regno</strong></span> <span class='ocrx_word' id='word_1_233' title='bbox 978 2970 1067 3046; x_wconf 84' lang='lat' dir='ltr'><strong>atque</strong></span> <span class='ocrx_word' id='word_1_234' title='bbox 1095 2964 1202 3042; x_wconf 87' lang='lat' dir='ltr'><strong>opibus</strong></span> 
     </span>
     <span class='ocr_line' id='line_1_31' title="bbox 143 3054 1202 3133; baseline -0.005 -16"><span class='ocrx_word' id='word_1_235' title='bbox 143 3078 171 3117; x_wconf 80' lang='lat' dir='ltr'><strong>ro</strong></span> <span class='ocrx_word' id='word_1_236' title='bbox 186 3054 263 3128; x_wconf 84' lang='lat' dir='ltr'><strong>suis,</strong></span> <span class='ocrx_word' id='word_1_237' title='bbox 289 3055 368 3119; x_wconf 86' lang='lat' dir='ltr'><strong>cives</strong></span> <span class='ocrx_word' id='word_1_238' title='bbox 397 3056 476 3119; x_wconf 89' lang='lat' dir='ltr'><strong>caesi</strong></span> <span class='ocrx_word' id='word_1_239' title='bbox 498 3056 630 3118; x_wconf 81' lang='lat' dir='ltr'><strong>iacerent</strong></span> <span class='ocrx_word' id='word_1_240' title='bbox 651 3056 682 3118; x_wconf 86' lang='lat' dir='ltr'><strong>in</strong></span> <span class='ocrx_word' id='word_1_241' title='bbox 707 3054 826 3133; x_wconf 84' lang='lat' dir='ltr'><strong>publico</strong></span> <span class='ocrx_word' id='word_1_242' title='bbox 850 3059 903 3116; x_wconf 84' lang='lat' dir='ltr'><strong>aut</strong></span> <span class='ocrx_word' id='word_1_243' title='bbox 925 3057 958 3114; x_wconf 88' lang='lat' dir='ltr'><strong>in</strong></span> <span class='ocrx_word' id='word_1_244' title='bbox 981 3055 1118 3118; x_wconf 87' lang='lat' dir='ltr'><strong>domibus</strong></span> <span class='ocrx_word' id='word_1_245' title='bbox 1141 3056 1202 3118; x_wconf 89' lang='lat' dir='ltr'><strong>suis</strong></span> 
     </span>
     <span class='ocr_line' id='line_1_32' title="bbox 186 3142 1200 3220; baseline 0 -15"><span class='ocrx_word' id='word_1_246' title='bbox 186 3147 240 3205; x_wconf 82' lang='lat' dir='ltr'><strong>aut</strong></span> <span class='ocrx_word' id='word_1_247' title='bbox 263 3148 341 3206; x_wconf 82' lang='lat' dir='ltr'><strong>certe</strong></span> <span class='ocrx_word' id='word_1_248' title='bbox 363 3146 396 3206; x_wconf 89' lang='lat' dir='ltr'><strong>in</strong></span> <span class='ocrx_word' id='word_1_249' title='bbox 419 3144 539 3220; x_wconf 87' lang='lat' dir='ltr'><strong>templis</strong></span> <span class='ocrx_word' id='word_1_250' title='bbox 562 3143 616 3206; x_wconf 90' lang='lat' dir='ltr'><strong>sub</strong></span> <span class='ocrx_word' id='word_1_251' title='bbox 638 3144 761 3206; x_wconf 86' lang='lat' dir='ltr'><strong>deorum</strong></span> <span class='ocrx_word' id='word_1_252' title='bbox 780 3146 871 3210; x_wconf 84' lang='lat' dir='ltr'><strong>occisi</strong></span> <span class='ocrx_word' id='word_1_253' title='bbox 888 3144 1094 3219; x_wconf 84' lang='lat' dir='ltr'><strong>conspectibus</strong></span> <span class='ocrx_word' id='word_1_254' title='bbox 1113 3142 1200 3207; x_wconf 87' lang='lat' dir='ltr'><strong>nihil·</strong></span> 
     </span>
     <span class='ocr_line' id='line_1_33' title="bbox 187 3232 1200 3311; baseline 0.001 -17"><span class='ocrx_word' id='word_1_255' title='bbox 187 3251 246 3309; x_wconf 85' lang='lat' dir='ltr'><strong>que</strong></span> <span class='ocrx_word' id='word_1_256' title='bbox 273 3234 335 3295; x_wconf 83' lang='lat' dir='ltr'><strong>iarn</strong></span> <span class='ocrx_word' id='word_1_257' title='bbox 361 3233 472 3309; x_wconf 88' lang='lat' dir='ltr'><strong>reliqui</strong></span> <span class='ocrx_word' id='word_1_258' title='bbox 499 3234 578 3293; x_wconf 85' lang='lat' dir='ltr'><strong>foret</strong></span> <span class='ocrx_word' id='word_1_259' title='bbox 605 3233 685 3309; x_wconf 85' lang='lat' dir='ltr'><strong>quod</strong></span> <span class='ocrx_word' id='word_1_260' title='bbox 708 3234 772 3297; x_wconf 90' lang='lat' dir='ltr'><strong>sine</strong></span> <span class='ocrx_word' id='word_1_261' title='bbox 793 3251 903 3311; x_wconf 80' lang='lat' dir='ltr'><strong>magno</strong></span> <span class='ocrx_word' id='word_1_262' title='bbox 926 3234 1010 3292; x_wconf 92' lang='lat' dir='ltr'><strong>luctu</strong></span> <span class='ocrx_word' id='word_1_263' title='bbox 1033 3232 1128 3295; x_wconf 84' lang='lat' dir='ltr'><strong>videri</strong></span> <span class='ocrx_word' id='word_1_264' title='bbox 1150 3251 1200 3308; x_wconf 85' lang='lat' dir='ltr'><strong>po·</strong></span> 
     </span>
    </p>
   </div>
   <div class='ocr_carea' id='block_1_3' title="bbox 183 3473 1216 3759">
    <p class='ocr_par' dir='ltr' id='par_1_3' title="bbox 183 3473 1216 3759">
     <span class='ocr_line' id='line_1_34' title="bbox 259 3473 1202 3544; baseline -0.001 -17"><span class='ocrx_word' id='word_1_265' title='bbox 259 3476 325 3527; x_wconf 75' lang='lat' dir='ltr'><strong>itin</strong></span> <span class='ocrx_word' id='word_1_266' title='bbox 344 3475 446 3529; x_wconf 78' lang='lat' dir='ltr'><strong>consid.</strong></span> <span class='ocrx_word' id='word_1_267' title='bbox 466 3475 508 3528; x_wconf 90' lang='lat' dir='ltr'><strong>ed.</strong></span> <span class='ocrx_word' id='word_1_268' title='bbox 566 3478 598 3526; x_wconf 89' lang='lat'><strong>10</strong></span> <span class='ocrx_word' id='word_1_269' title='bbox 618 3476 764 3544; x_wconf 79' lang='lat' dir='ltr'><strong>aupustice</strong></span> <span class='ocrx_word' id='word_1_270' title='bbox 778 3473 830 3527; x_wconf 74' lang='lat' dir='ltr'><strong>1.ss</strong></span> <span class='ocrx_word' id='word_1_271' title='bbox 849 3475 986 3544; x_wconf 76' lang='lat' dir='ltr'><strong>capescitis</strong></span> <span class='ocrx_word' id='word_1_272' title='bbox 1004 3473 1047 3527; x_wconf 89' lang='lat' dir='ltr'><strong>ed.</strong></span> <span class='ocrx_word' id='word_1_273' title='bbox 1105 3477 1137 3525; x_wconf 91' lang='grc'><strong>11</strong></span> <span class='ocrx_word' id='word_1_274' title='bbox 1157 3489 1202 3526; x_wconf 82' lang='lat' dir='ltr'><strong>ecr-</strong></span> 
     </span>
     <span class='ocr_line' id='line_1_35' title="bbox 184 3544 1135 3615; baseline -0.003 -13"><span class='ocrx_word' id='word_1_275' title='bbox 184 3548 310 3604; x_wconf 77' lang='lat' dir='ltr'><strong>cicernnt</strong></span> <span class='ocrx_word' id='word_1_276' title='bbox 327 3544 380 3603; x_wconf 83' lang='lat' dir='ltr'><strong>Lit</strong></span> <span class='ocrx_word' id='word_1_277' title='bbox 398 3546 557 3604; x_wconf 67' lang='lat' dir='ltr'><strong>resideam</strong></span> <span class='ocrx_word' id='word_1_278' title='bbox 574 3545 617 3602; x_wconf 85' lang='lat' dir='ltr'><strong>ed.</strong></span> <span class='ocrx_word' id='word_1_279' title='bbox 637 3552 771 3610; x_wconf 69' lang='lat' dir='ltr'><strong>maerent</strong></span> <span class='ocrx_word' id='word_1_280' title='bbox 787 3564 808 3601; x_wconf 83' lang='lat' dir='ltr'><strong>r.</strong></span> <span class='ocrx_word' id='word_1_281' title='bbox 910 3550 944 3603; x_wconf 87' lang='lat'><strong>14</strong></span> <span class='ocrx_word' id='word_1_282' title='bbox 962 3545 1096 3615; x_wconf 73' lang='lat' dir='ltr'><strong>sacrileoc</strong></span> <span class='ocrx_word' id='word_1_283' title='bbox 1113 3562 1135 3601; x_wconf 85' lang='lat' dir='ltr'><strong>r.</strong></span> 
     </span>
     <span class='ocr_line' id='line_1_36' title="bbox 187 3614 1216 3687; baseline 0.002 -14"><span class='ocrx_word' id='word_1_284' title='bbox 187 3622 221 3676; x_wconf 81' lang='lat'><strong>18</strong></span> <span class='ocrx_word' id='word_1_285' title='bbox 240 3616 321 3685; x_wconf 68' lang='lat' dir='ltr'><strong>aliod</strong></span> <span class='ocrx_word' id='word_1_286' title='bbox 338 3632 392 3670; x_wconf 87' lang='lat' dir='ltr'><strong>om.</strong></span> <span class='ocrx_word' id='word_1_287' title='bbox 407 3617 451 3675; x_wconf 85' lang='lat' dir='ltr'><strong>ed.</strong></span> <span class='ocrx_word' id='word_1_288' title='bbox 520 3622 555 3672; x_wconf 78' lang='lat'><strong>20</strong></span> <span class='ocrx_word' id='word_1_289' title='bbox 574 3617 637 3674; x_wconf 75' lang='lat' dir='ltr'><strong>deoc</strong></span> <span class='ocrx_word' id='word_1_290' title='bbox 654 3615 708 3674; x_wconf 73' lang='lat' dir='ltr'><strong>Lu</strong></span> <span class='ocrx_word' id='word_1_291' title='bbox 726 3617 769 3671; x_wconf 87' lang='lat' dir='ltr'><strong>ed.</strong></span> <span class='ocrx_word' id='word_1_292' title='bbox 789 3618 882 3676; x_wconf 80' lang='lat' dir='ltr'><strong>domoc</strong></span> <span class='ocrx_word' id='word_1_293' title='bbox 899 3634 926 3685; x_wconf 73' lang='lat' dir='ltr'><strong>r,</strong></span> <span class='ocrx_word' id='word_1_294' title='bbox 941 3616 1023 3687; x_wconf 80' lang='lat' dir='ltr'><strong>quud</strong></span> <span class='ocrx_word' id='word_1_295' title='bbox 1036 3614 1216 3684; x_wconf 64' lang='lat' dir='ltr'><strong>iuterpreta-</strong></span> 
     </span>
     <span class='ocr_line' id='line_1_37' title="bbox 183 3687 1006 3759; baseline 0.006 -19"><span class='ocrx_word' id='word_1_296' title='bbox 183 3688 264 3745; x_wconf 82' lang='lat' dir='ltr'><strong>tione</strong></span> <span class='ocrx_word' id='word_1_297' title='bbox 281 3687 412 3746; x_wconf 72' lang='lat' dir='ltr'><strong>omrem</strong></span> <span class='ocrx_word' id='word_1_298' title='bbox 487 3692 522 3741; x_wconf 79' lang='lat'><strong>22</strong></span> <span class='ocrx_word' id='word_1_299' title='bbox 533 3687 623 3759; x_wconf 72' lang='lat' dir='ltr'><strong>plena</strong></span> <span class='ocrx_word' id='word_1_300' title='bbox 641 3687 696 3751; x_wconf 69' lang='lat' dir='ltr'><strong>Le</strong></span> <span class='ocrx_word' id='word_1_301' title='bbox 716 3690 761 3751; x_wconf 83' lang='lat' dir='ltr'><strong>ed.</strong></span> <span class='ocrx_word' id='word_1_302' title='bbox 780 3698 871 3752; x_wconf 73' lang='lat' dir='ltr'><strong>emese</strong></span> <span class='ocrx_word' id='word_1_303' title='bbox 890 3688 1006 3755; x_wconf 68' lang='lat' dir='ltr'><strong>addidi.</strong></span> 
     </span>
    </p>
   </div>
   <div class='ocr_carea' id='block_1_4' title="bbox 0 0 1374 4159">
    <p class='ocr_par' dir='ltr' id='par_1_4' title="bbox 0 0 1374 4159">
     <span class='ocr_line' id='line_1_38' title="bbox 0 0 1374 4159; baseline 0 0"><span class='ocrx_word' id='word_1_304' title='bbox 0 0 1374 4159; x_wconf 95' lang='lat' dir='ltr'><strong> </strong></span> 
     </span>
    </p>
   </div>
  </div>
 </body>
</html>
