2734 4159
567 323 751 382 Aurvnmos
771 324 810 379 vl
1135 325 1202 391 533

180 494 315 564 meula,
341 494 455 571 inquit,
483 495 543 553 olto
571 496 713 569 serarum.
760 493 955 571 significando
986 495 1050 555 elta
1082 494 1204 555 stabula

181 582 317 642 ostendit
343 582 407 642 illic
431 583 510 642 ferus
534 584 713 642 commorari
736 601 889 644 consuesse
912 583 1053 658 maiores,
1077 603 1204 660 querum

182 675 282 732 metus
314 674 428 731 arceret
454 673 568 731 incolas
595 692 633 732 ne
659 672 737 731 hano
764 674 887 749 propter
914 672 1093 733 abscidenda
1120 673 1204 751 ligne

183 760 423 820 conscenderent.
470 764 617 837 quantum
644 761 766 820 Troiani
798 762 962 820 laudantur
994 763 1047 837 qui
1077 781 1138 821 non
1165 763 1204 821 ti·

152 852 326 910 smne'runt
348 852 480 909 evertere
504 850 623 909 stabula
646 851 710 909 ulte
729 851 872 909 feroruml
910 850 990 926 quod
1009 853 1109 910 eutem
1129 850 1206 911 dixit

184 938 250 997 itur
272 938 304 997 in
327 925 484 1015 ontionem
507 939 615 999 silvam
636 943 666 999 et
684 940 761 998 hono
781 941 825 997 nit
843 939 962 999 stabula
981 939 1046 999 ulto
1064 940 1205 1015 serenum,

185 1027 361 1097 continuom
384 1028 521 1107 intellegi
542 1028 639 1087 voluit
662 1028 782 1087 stabula
800 1028 939 1088 habuisse
957 1031 989 1087 in
1009 1027 1118 1105 quibus
1138 1046 1205 1088 oon·

185 1119 289 1195 gestae
321 1117 401 1176 ferae
435 1120 657 1176 commanerent
687 1117 814 1192 potioris
846 1118 973 1193 formae,
1010 1120 1045 1177 ut
1081 1117 1207 1177 stabulis

184 1207 297 1267 nostris
325 1206 448 1265 redacte
473 1207 506 1265 in
532 1225 627 1265 unum
657 1206 801 1265 animulis
834 1208 982 1282 simplicia
1015 1206 1205 1284 colliguntur.

142 1314 169 1356 ιο
185 1294 390 1371 appellatione
418 1295 603 1355 stabulorum
631 1295 764 1355 ostendit
792 1296 827 1353 de
855 1296 994 1371 qualibus
1024 1296 1206 1371 loqueretur,

169 1387 316 1443 ‘ceterum
350 1384 462 1444 cubilia
493 1383 618 1459 diceret,
648 1386 674 1445 si
701 1384 831 1443 minores
860 1384 1028 1461 significare
1053 1386 1205 1445 voluisset.

177 1474 380 1546 procumbunt
399 1476 518 1548 piceae:
553 1492 619 1533 ecce
645 1493 740 1532 unum
768 1492 861 1550 genus
888 1474 966 1552 ligni
992 1474 1119 1534 fovendo
1149 1474 1193 1532 in-
1205 1479 1257 1530 180

184 1562 291 1621 cendio
330 1562 541 1638 necessarium
581 1562 673 1622 hebet
710 1565 790 1623 enim
827 1563 975 1637 quendem
1012 1581 1115 1623 sucum
1147 1582 1207 1639 quo

184 1653 303 1711 nutriat
334 1651 493 1710 flammam.
539 1656 625 1712 sonat
652 1655 711 1711 ieta
738 1653 888 1711 securibus
919 1653 990 1711 ilex:
1027 1670 1092 1712 ecoe
1125 1651 1208 1712 aliud

140 1758 282 1817 ingenus
306 1741 383 1819 ligni
406 1740 561 1800 silvestris.
597 1743 808 1816 froelveocqve
830 1741 941 1800 babes:
963 1743 998 1799 ut
1021 1742 1140 1801 fuerunt
1162 1741 1207 1799 in·

185 1833 290 1908 tegroe
309 1829 514 1889 volvebantur.
554 1832 654 1889 venees
668 1833 694 1888 et
707 1831 798 1903 fissile
811 1831 901 1889 robur
913 1831 1071 1889 eevvdttvr:
1089 1831 1207 1908 lignum

187 1918 267 1994 qnod
290 1919 382 1978 robur
405 1920 577 1995 appelletur
599 1919 662 1979 eius
686 1920 732 1978 est
755 1921 889 1994 naturae,
912 1921 947 1977 ut
970 1918 1065 1979 scindi
1087 1917 1207 1978 facilius

185 2007 290 2084 possit
337 2010 496 2067 advolveret
517 2010 642 2082 tepentis
663 2009 810 2067 montibus
839 2025 941 2067 ornos:
973 2026 1060 2067 ornos
1088 2026 1207 2083 quoquo

184 2095 295 2156 robora
318 2092 482 2175 †facitidio
505 2117 580 2174 quae
599 2099 723 2173 propter
741 2097 877 2156 effectum
896 2098 941 2155 rei
959 2096 1082 2155 Troiani
1100 2096 1206 2156 deicie-

139 2206 171 2249 se
185 2185 268 2246 bant.
315 2186 489 2262 provolvere
522 2190 580 2261 est,
610 2189 646 2245 ut
678 2186 759 2261 quod
791 2188 852 2245 stat
883 2204 973 2261 porro
1005 2185 1146 2245 volvetur
1174 2185 1207 2246 id

185 2277 233 2335 est
255 2274 352 2335 cadet.
1069 2284 1070 2289 ’

254 2364 318 2423 Nec
339 2383 399 2423 reon
420 2363 539 2424 Aeneas
561 2381 650 2439 opero
672 2366 749 2423 ieter
770 2364 858 2422 tella:
884 2362 961 2421 tulin
983 2364 1039 2422 boc
1062 2365 1107 2423 est
1130 2383 1206 2439 queo

185 2454 375 2529 pertinerent
393 2453 432 2514 ed
450 2456 540 2513 amici
557 2454 657 2512 funus.
688 2455 808 2527 primes
821 2453 953 2510 bouvier
966 2455 1058 2511 socios
1066 2454 1206 2526 paribvs-

186 2560 243 2617 qve
266 2545 428 2617 ocdvpltvr
451 2546 558 2603 armis:
581 2541 690 2619 duplex
714 2539 839 2600 curabat
857 2540 997 2615 officium,
1020 2544 1056 2600 ut
1073 2543 1206 2600 omnium

143 2652 171 2694 so
187 2633 267 2691 esset
297 2632 435 2691 hortator
465 2635 496 2691 et
527 2651 649 2707 operum
682 2632 840 2707 particeps.
896 2649 990 2711 armai
1012 2630 1088 2690 dixit
1119 2632 1206 2708 paria

187 2721 292 2796 qualia
312 2722 365 2780 elii
384 2721 544 2799 gestabunt
562 2720 614 2796 qui
633 2719 797 2782 coedebant
816 2719 935 2778 arbores
955 2722 1008 2778 out
1025 2721 1087 2778 inm
1106 2738 1206 2779 coesus

186 2808 365 2868 scindebant
392 2812 500 2870 cuneis.
546 2812 646 2884 potest
678 2811 709 2867 et
742 2809 797 2883 sic,
829 2811 864 2867 ut
893 2827 952 2869 non
985 2808 1076 2867 verbe
1108 2810 1206 2868 essent

184 2899 387 2974 hortamento,
410 2899 462 2958 sed
485 2900 575 2958 facto.
618 2900 684 2974 quis
709 2900 789 2956 enim
811 2917 871 2956 non
895 2898 1007 2957 foveret
1030 2898 1110 2973 quod
1132 2897 1206 2956 foci-

260 3147 461 3195 vcommorare
474 3139 506 3193 V.
563 3140 786 3193 3obecivdevelo
804 3139 847 3192 ed.
904 3136 1049 3192 ssboch
1065 3139 1110 3192 bic
1125 3137 1169 3191 ed.

188 3218 222 3265 10
242 3212 426 3279 appellatione
444 3210 470 3262 V
487 3212 539 3265 boe
556 3227 620 3279 app.
640 3211 683 3265 ed.
701 3214 705 3277 Ι
728 3216 753 3264 et
771 3210 809 3264 ad
827 3211 915 3265 locvm
927 3208 954 3262 V
973 3209 1015 3263 ed
1035 3209 1073 3263 ael
1092 3207 1146 3262 del.
1161 3208 1204 3262 ed.

186 3285 274 3351 post:
293 3284 464 3338 eventorum
477 3299 536 3336 nos.
554 3283 558 3353 l
574 3282 691 3336 ostendit
705 3281 737 3334 ele
752 3280 777 3333 V
791 3288 816 3335 et
829 3280 963 3349 interpos.
974 3281 1017 3335 sd.
1073 3284 1107 3332 14
1125 3279 1207 3333 olivet

186 3352 213 3408 V
231 3371 320 3408 vnvm
338 3354 381 3407 ed.
447 3358 480 3407 18
499 3353 599 3407 vrovte's
615 3352 648 3405 V.
715 3357 748 3405 19
767 3354 866 3407 robora
883 3353 1013 3420 facltldr'o
1032 3351 1058 3404 V
1075 3368 1098 3404 r.
1113 3351 1206 3417 fivilia

186 3422 274 3478 HOU
283 3426 384 3493 fiscella
393 3426 450 3480 ed:
470 3440 526 3477 non
539 3424 594 3478 hoc
604 3424 695 3477 solum
710 3424 880 3491 corruptum,
890 3423 977 3476 etiem
989 3422 1144 3490 provolvere
1157 3426 1203 3477 etc.

186 3496 308 3565 abrupte
322 3496 470 3551 adiectum
485 3497 538 3549 est:
558 3495 679 3549 fortasse
693 3495 747 3549 sic:
767 3511 848 3550 ornos
861 3510 966 3563 qvoqve
979 3500 1011 3549 ret
1023 3495 1123 3548 roboro
1135 3493 1207 3560 facit

185 3568 280 3634 caedi,
303 3586 373 3636 quoe
391 3574 506 3636 propter
528 3568 650 3634 effectum
672 3567 715 3620 rei
735 3565 852 3621 Troiani
870 3565 1037 3632 deiciebavt;
1065 3564 1206 3619 advolvere

185 3640 262 3695 enim
277 3640 434 3708 provolvere
451 3644 490 3693 eet
507 3640 560 3693 etc.
625 3644 659 3692 26
678 3644 710 3692 vt
728 3638 784 3691 iam
803 3635 829 3689 V
846 3637 888 3691 vel
906 3638 963 3691 lam
981 3636 1025 3692 ed.
1095 3642 1128 3691 27
1147 3652 1207 3691 reove

185 3710 269 3767 vebo
287 3709 313 3763 V
331 3710 541 3779 iaminterpos.
556 3709 599 3764 ed
674 3713 708 3763 28
726 3708 897 3763 hortamenta
915 3708 958 3764 ed.
