<?xml version="1.0" encoding="UTF-8"?>
<!DOCTYPE html PUBLIC "-//W3C//DTD XHTML 1.0 Transitional//EN"
    "http://www.w3.org/TR/xhtml1/DTD/xhtml1-transitional.dtd">
<html xmlns="http://www.w3.org/1999/xhtml" xml:lang="en" lang="en">
 <head>
  <title>
</title>
<meta http-equiv="Content-Type" content="text/html;charset=utf-8" />
  <meta name='ocr-system' content='tesseract 3.04.00' />
  <meta name='ocr-capabilities' content='ocr_page ocr_carea ocr_par ocr_line ocrx_word'/>
</head>
<body>
  <div class='ocr_page' id='page_1' title='image "./tibericlaudidon02georgoog_0314.png"; bbox 0 0 2734 4159; ppageno 0'>
   <div class='ocr_carea' id='block_1_1' title="bbox 579 256 1214 321">
    <p class='ocr_par' dir='ltr' id='par_1_1' title="bbox 579 256 1214 321">
     <span class='ocr_line' id='line_1_1' title="bbox 579 256 1214 321; baseline 0.003 -11"><span class='ocrx_word' id='word_1_1' title='bbox 579 256 763 312; x_wconf 75' lang='lat' dir='ltr'>Aaastoos</span> <span class='ocrx_word' id='word_1_2' title='bbox 782 257 821 311; x_wconf 88' lang='grc' dir='ltr'>ΙΙΙ</span> <span class='ocrx_word' id='word_1_3' title='bbox 1148 256 1214 321; x_wconf 79' lang='grc'>263</span> 
     </span>
    </p>
   </div>
   <div class='ocr_carea' id='block_1_2' title="bbox 146 425 1267 3087">
    <p class='ocr_par' dir='ltr' id='par_1_2' title="bbox 193 425 1214 769">
     <span class='ocr_line' id='line_1_2' title="bbox 193 425 1214 501; baseline 0.003 -18"><span class='ocrx_word' id='word_1_4' title='bbox 193 432 334 485; x_wconf 88' lang='lat' dir='ltr'>naturam</span> <span class='ocrx_word' id='word_1_5' title='bbox 361 444 447 485; x_wconf 90' lang='lat' dir='ltr'>suam</span> <span class='ocrx_word' id='word_1_6' title='bbox 474 444 533 483; x_wconf 93' lang='lat' dir='ltr'>non</span> <span class='ocrx_word' id='word_1_7' title='bbox 560 427 724 501; x_wconf 88' lang='lat' dir='ltr'>potuerunt</span> <span class='ocrx_word' id='word_1_8' title='bbox 750 426 887 499; x_wconf 89' lang='lat' dir='ltr'>interire,</span> <span class='ocrx_word' id='word_1_9' title='bbox 916 425 1002 499; x_wconf 89' lang='lat' dir='ltr'>litus,</span> <span class='ocrx_word' id='word_1_10' title='bbox 1032 429 1154 501; x_wconf 89' lang='lat' dir='ltr'>portum</span> <span class='ocrx_word' id='word_1_11' title='bbox 1184 428 1214 486; x_wconf 90' lang='lat' dir='ltr'>et</span> 
     </span>
     <span class='ocr_line' id='line_1_3' title="bbox 193 514 1213 590; baseline 0.004 -17"><span class='ocrx_word' id='word_1_12' title='bbox 193 535 322 590; x_wconf 88' lang='lat' dir='ltr'>campos.</span> <span class='ocrx_word' id='word_1_13' title='bbox 359 516 439 587; x_wconf 81' lang='lat' dir='ltr'>feror</span> <span class='ocrx_word' id='word_1_14' title='bbox 463 514 529 573; x_wconf 84' lang='lat' dir='ltr'>eant</span> <span class='ocrx_word' id='word_1_15' title='bbox 550 516 584 573; x_wconf 83' lang='lat' dir='ltr'>in</span> <span class='ocrx_word' id='word_1_16' title='bbox 607 516 700 573; x_wconf 82' lang='lat' dir='ltr'>attam</span> <span class='ocrx_word' id='word_1_17' title='bbox 722 532 788 575; x_wconf 82' lang='lat' dir='ltr'>enen</span> <span class='ocrx_word' id='word_1_18' title='bbox 805 516 891 575; x_wconf 82' lang='lat' dir='ltr'>sociis</span> <span class='ocrx_word' id='word_1_19' title='bbox 908 519 1041 587; x_wconf 77' lang='lat' dir='ltr'>nataque,</span> <span class='ocrx_word' id='word_1_20' title='bbox 1055 517 1213 589; x_wconf 82' lang='lat' dir='ltr'>penatibus</span> 
     </span>
     <span class='ocr_line' id='line_1_4' title="bbox 193 604 1213 681; baseline 0.003 -19"><span class='ocrx_word' id='word_1_21' title='bbox 193 610 218 662; x_wconf 91' lang='lat' dir='ltr'>et</span> <span class='ocrx_word' id='word_1_22' title='bbox 243 605 356 677; x_wconf 68' lang='lat' dir='ltr'>nonanis</span> <span class='ocrx_word' id='word_1_23' title='bbox 380 604 452 662; x_wconf 79' lang='lat' dir='ltr'>nte:</span> <span class='ocrx_word' id='word_1_24' title='bbox 478 604 575 662; x_wconf 88' lang='lat' dir='ltr'>tacuit</span> <span class='ocrx_word' id='word_1_25' title='bbox 598 605 715 679; x_wconf 88' lang='lat' dir='ltr'>patrem</span> <span class='ocrx_word' id='word_1_26' title='bbox 738 622 833 679; x_wconf 82' lang='lat' dir='ltr'>suum,</span> <span class='ocrx_word' id='word_1_27' title='bbox 857 605 930 679; x_wconf 90' lang='lat' dir='ltr'>quia</span> <span class='ocrx_word' id='word_1_28' title='bbox 953 622 1044 679; x_wconf 91' lang='lat' dir='ltr'>supra</span> <span class='ocrx_word' id='word_1_29' title='bbox 1066 604 1142 664; x_wconf 86' lang='lat' dir='ltr'>dixit</span> <span class='ocrx_word' id='word_1_30' title='bbox 1164 610 1213 681; x_wconf 88' lang='lat' dir='ltr'>„et</span> 
     </span>
     <span class='ocr_line' id='line_1_5' title="bbox 193 691 1213 769; baseline 0.004 -18"><span class='ocrx_word' id='word_1_31' title='bbox 193 696 280 767; x_wconf 85' lang='lat' dir='ltr'>pater</span> <span class='ocrx_word' id='word_1_32' title='bbox 307 692 450 752; x_wconf 83' lang='lat' dir='ltr'><strong>Anchises</strong></span> <span class='ocrx_word' id='word_1_33' title='bbox 483 692 553 751; x_wconf 87' lang='lat' dir='ltr'>dare</span> <span class='ocrx_word' id='word_1_34' title='bbox 585 692 657 751; x_wconf 84' lang='lat' dir='ltr'>fatis</span> <span class='ocrx_word' id='word_1_35' title='bbox 691 693 758 751; x_wconf 86' lang='lat' dir='ltr'>vela</span> <span class='ocrx_word' id='word_1_36' title='bbox 789 691 939 767; x_wconf 78' lang='lat' dir='ltr'>iubebat‘,</span> <span class='ocrx_word' id='word_1_37' title='bbox 968 692 1092 767; x_wconf 83' lang='lat' dir='ltr'><strong>proinde</strong></span> <span class='ocrx_word' id='word_1_38' title='bbox 1123 714 1213 769; x_wconf 89' lang='lat' dir='ltr'>quem</span> 
     </span>
    </p>

    <p class='ocr_par' dir='ltr' id='par_1_3' title="bbox 166 780 1212 930">
     <span class='ocr_line' id='line_1_6' title="bbox 166 780 1212 858; baseline 0.002 -17"><span class='ocrx_word' id='word_1_39' title='bbox 166 784 254 841; x_wconf 83' lang='lat' dir='ltr'>siam</span> <span class='ocrx_word' id='word_1_40' title='bbox 282 784 500 841; x_wconf 79' lang='lat' dir='ltr'>memoraverat</span> <span class='ocrx_word' id='word_1_41' title='bbox 527 782 571 839; x_wconf 91' lang='lat' dir='ltr'>ibi</span> <span class='ocrx_word' id='word_1_42' title='bbox 597 781 690 841; x_wconf 86' lang='lat' dir='ltr'>fuisse</span> <span class='ocrx_word' id='word_1_43' title='bbox 714 781 896 857; x_wconf 88' lang='lat' dir='ltr'>superfluum</span> <span class='ocrx_word' id='word_1_44' title='bbox 919 780 1100 858; x_wconf 85' lang='lat' dir='ltr'>perindeque</span> <span class='ocrx_word' id='word_1_45' title='bbox 1123 784 1212 843; x_wconf 76' lang='lat' dir='ltr'>ritio-</span> 
     </span>
     <span class='ocr_line' id='line_1_7' title="bbox 194 870 700 930; baseline 0 -2"><span class='ocrx_word' id='word_1_46' title='bbox 194 890 259 929; x_wconf 92' lang='lat' dir='ltr'>sum</span> <span class='ocrx_word' id='word_1_47' title='bbox 279 872 383 929; x_wconf 80' lang='lat' dir='ltr'>fuerat</span> <span class='ocrx_word' id='word_1_48' title='bbox 405 873 515 929; x_wconf 90' lang='lat' dir='ltr'>iterum</span> <span class='ocrx_word' id='word_1_49' title='bbox 537 870 700 930; x_wconf 89' lang='lat' dir='ltr'>nominare.</span> 
     </span>
    </p>

    <p class='ocr_par' dir='ltr' id='par_1_4' title="bbox 193 960 1267 1213">
     <span class='ocr_line' id='line_1_8' title="bbox 261 960 1213 1034; baseline 0.003 -16"><span class='ocrx_word' id='word_1_50' title='bbox 261 961 355 1019; x_wconf 81' lang='lat' dir='ltr'>Terra</span> <span class='ocrx_word' id='word_1_51' title='bbox 378 960 484 1034; x_wconf 81' lang='lat' dir='ltr'>praeut</span> <span class='ocrx_word' id='word_1_52' title='bbox 510 962 602 1019; x_wconf 85' lang='lat' dir='ltr'>aastie</span> <span class='ocrx_word' id='word_1_53' title='bbox 628 960 733 1018; x_wconf 70' lang='lat' dir='ltr'>eattae</span> <span class='ocrx_word' id='word_1_54' title='bbox 754 960 908 1020; x_wconf 80' lang='lat' dir='ltr'>Mavortia</span> <span class='ocrx_word' id='word_1_55' title='bbox 934 961 1059 1033; x_wconf 78' lang='lat' dir='ltr'>eampis,</span> <span class='ocrx_word' id='word_1_56' title='bbox 1084 960 1213 1021; x_wconf 75' lang='lat' dir='ltr'>Thraece</span> 
     </span>
     <span class='ocr_line' id='line_1_9' title="bbox 193 1049 1267 1125; baseline -0.002 -18"><span class='ocrx_word' id='word_1_57' title='bbox 193 1054 290 1117; x_wconf 86' lang='lat' dir='ltr'>arant,</span> <span class='ocrx_word' id='word_1_58' title='bbox 318 1052 382 1108; x_wconf 78' lang='lat' dir='ltr'>aeri</span> <span class='ocrx_word' id='word_1_59' title='bbox 409 1050 557 1123; x_wconf 82' lang='lat' dir='ltr'>qnondam</span> <span class='ocrx_word' id='word_1_60' title='bbox 583 1053 707 1123; x_wconf 70' lang='lat' dir='ltr'>rennata</span> <span class='ocrx_word' id='word_1_61' title='bbox 729 1049 880 1125; x_wconf 66' lang='lat' dir='ltr'>lajearpo,</span> <span class='ocrx_word' id='word_1_62' title='bbox 903 1050 1060 1123; x_wconf 75' lang='lat' dir='ltr'><strong><em>hospitium</em></strong></span> <span class='ocrx_word' id='word_1_63' title='bbox 1082 1051 1213 1109; x_wconf 81' lang='lat' dir='ltr'>anticam</span> <span class='ocrx_word' id='word_1_64' title='bbox 1232 1057 1267 1105; x_wconf 79' lang='lat' dir='ltr'>le</span> 
     </span>
     <span class='ocr_line' id='line_1_10' title="bbox 194 1138 1212 1213; baseline 0.003 -17"><span class='ocrx_word' id='word_1_65' title='bbox 194 1140 302 1197; x_wconf 80' lang='lat' dir='ltr'>Troiae</span> <span class='ocrx_word' id='word_1_66' title='bbox 318 1141 445 1211; x_wconf 79' lang='lat' dir='ltr'>eoeiiane</span> <span class='ocrx_word' id='word_1_67' title='bbox 458 1143 589 1212; x_wconf 84' lang='lat' dir='ltr'>penates,</span> <span class='ocrx_word' id='word_1_68' title='bbox 609 1138 680 1196; x_wconf 84' lang='lat' dir='ltr'>dnm</span> <span class='ocrx_word' id='word_1_69' title='bbox 698 1140 820 1211; x_wconf 76' lang='lat' dir='ltr'>fontana</span> <span class='ocrx_word' id='word_1_70' title='bbox 837 1140 912 1211; x_wconf 81' lang='lat' dir='ltr'>fnit:</span> <span class='ocrx_word' id='word_1_71' title='bbox 934 1138 1095 1213; x_wconf 76' lang='lat' dir='ltr'>descriptio</span> <span class='ocrx_word' id='word_1_72' title='bbox 1114 1141 1212 1199; x_wconf 89' lang='lat' dir='ltr'>terrae</span> 
     </span>
    </p>

    <p class='ocr_par' dir='ltr' id='par_1_5' title="bbox 146 1227 1234 3087">
     <span class='ocr_line' id='line_1_11' title="bbox 153 1227 1213 1305; baseline 0 -18"><span class='ocrx_word' id='word_1_73' title='bbox 153 1248 269 1302; x_wconf 80' lang='lat' dir='ltr'>requae</span> <span class='ocrx_word' id='word_1_74' title='bbox 303 1227 341 1286; x_wconf 85' lang='lat' dir='ltr'>ad</span> <span class='ocrx_word' id='word_1_75' title='bbox 372 1230 486 1287; x_wconf 84' lang='lat' dir='ltr'>incerta</span> <span class='ocrx_word' id='word_1_76' title='bbox 516 1227 731 1305; x_wconf 85' lang='lat' dir='ltr'>navigantibus</span> <span class='ocrx_word' id='word_1_77' title='bbox 759 1229 857 1303; x_wconf 88' lang='lat' dir='ltr'>prima</span> <span class='ocrx_word' id='word_1_78' title='bbox 885 1228 1027 1302; x_wconf 83' lang='lat' dir='ltr'>occurrit,</span> <span class='ocrx_word' id='word_1_79' title='bbox 1060 1246 1137 1303; x_wconf 88' lang='lat' dir='ltr'>quae</span> <span class='ocrx_word' id='word_1_80' title='bbox 1170 1230 1213 1287; x_wconf 90' lang='lat' dir='ltr'>sic</span> 
     </span>
     <span class='ocr_line' id='line_1_12' title="bbox 193 1316 1213 1395; baseline 0.002 -20"><span class='ocrx_word' id='word_1_81' title='bbox 193 1316 345 1376; x_wconf 80' lang='lat' dir='ltr'>evidenter</span> <span class='ocrx_word' id='word_1_82' title='bbox 367 1316 479 1377; x_wconf 87' lang='lat' dir='ltr'>Didoni</span> <span class='ocrx_word' id='word_1_83' title='bbox 507 1318 665 1392; x_wconf 83' lang='lat' dir='ltr'>exponitur</span> <span class='ocrx_word' id='word_1_84' title='bbox 692 1318 857 1395; x_wconf 78' lang='lat' dir='ltr'>ignoranti,</span> <span class='ocrx_word' id='word_1_85' title='bbox 885 1320 920 1376; x_wconf 91' lang='lat' dir='ltr'>ut</span> <span class='ocrx_word' id='word_1_86' title='bbox 949 1319 980 1375; x_wconf 91' lang='lat' dir='ltr'>et</span> <span class='ocrx_word' id='word_1_87' title='bbox 1003 1318 1078 1376; x_wconf 87' lang='lat' dir='ltr'>situs</span> <span class='ocrx_word' id='word_1_88' title='bbox 1101 1317 1159 1377; x_wconf 84' lang='lat' dir='ltr'>loci</span> <span class='ocrx_word' id='word_1_89' title='bbox 1183 1320 1213 1377; x_wconf 93' lang='lat' dir='ltr'>et</span> 
     </span>
     <span class='ocr_line' id='line_1_13' title="bbox 191 1406 1212 1484; baseline 0.001 -20"><span class='ocrx_word' id='word_1_90' title='bbox 191 1407 359 1464; x_wconf 87' lang='lat' dir='ltr'>incolarum</span> <span class='ocrx_word' id='word_1_91' title='bbox 381 1425 509 1482; x_wconf 90' lang='lat' dir='ltr'>persona</span> <span class='ocrx_word' id='word_1_92' title='bbox 532 1407 676 1484; x_wconf 83' lang='lat' dir='ltr'>signetur,</span> <span class='ocrx_word' id='word_1_93' title='bbox 696 1406 801 1465; x_wconf 90' lang='lat' dir='ltr'>deinde</span> <span class='ocrx_word' id='word_1_94' title='bbox 825 1408 1014 1481; x_wconf 78' lang='lat' dir='ltr'>oportunitas</span> <span class='ocrx_word' id='word_1_95' title='bbox 1038 1426 1113 1481; x_wconf 90' lang='lat' dir='ltr'>quae</span> <span class='ocrx_word' id='word_1_96' title='bbox 1137 1406 1212 1465; x_wconf 89' lang='lat' dir='ltr'>deti-</span> 
     </span>
     <span class='ocr_line' id='line_1_14' title="bbox 192 1494 1212 1571; baseline 0.002 -18"><span class='ocrx_word' id='word_1_97' title='bbox 192 1514 261 1553; x_wconf 91' lang='lat' dir='ltr'>nere</span> <span class='ocrx_word' id='word_1_98' title='bbox 285 1499 385 1569; x_wconf 87' lang='lat' dir='ltr'>posset</span> <span class='ocrx_word' id='word_1_99' title='bbox 409 1495 549 1571; x_wconf 79' lang='lat' dir='ltr'>errantis3</span> <span class='ocrx_word' id='word_1_100' title='bbox 572 1516 644 1555; x_wconf 88' lang='lat' dir='ltr'>nam</span> <span class='ocrx_word' id='word_1_101' title='bbox 666 1498 697 1554; x_wconf 93' lang='lat' dir='ltr'>et</span> <span class='ocrx_word' id='word_1_102' title='bbox 719 1495 895 1570; x_wconf 78' lang='lat' dir='ltr'>proximitas</span> <span class='ocrx_word' id='word_1_103' title='bbox 918 1494 1058 1571; x_wconf 79' lang='lat' dir='ltr'>placebat</span> <span class='ocrx_word' id='word_1_104' title='bbox 1078 1495 1212 1555; x_wconf 88' lang='lat' dir='ltr'>laborem</span> 
     </span>
     <span class='ocr_line' id='line_1_15' title="bbox 192 1583 1211 1661; baseline 0.004 -20"><span class='ocrx_word' id='word_1_105' title='bbox 192 1584 330 1643; x_wconf 86' lang='lat' dir='ltr'>ablatura</span> <span class='ocrx_word' id='word_1_106' title='bbox 353 1583 538 1661; x_wconf 85' lang='lat' dir='ltr'>fugientibus</span> <span class='ocrx_word' id='word_1_107' title='bbox 561 1587 592 1644; x_wconf 92' lang='lat' dir='ltr'>et</span> <span class='ocrx_word' id='word_1_108' title='bbox 613 1584 736 1644; x_wconf 90' lang='lat' dir='ltr'>ubertas</span> <span class='ocrx_word' id='word_1_109' title='bbox 758 1584 841 1643; x_wconf 88' lang='lat' dir='ltr'>laeta</span> <span class='ocrx_word' id='word_1_110' title='bbox 863 1603 1037 1660; x_wconf 88' lang='lat' dir='ltr'>camporum</span> <span class='ocrx_word' id='word_1_111' title='bbox 1057 1585 1211 1645; x_wconf 87' lang='lat' dir='ltr'>commoda</span> 
     </span>
     <span class='ocr_line' id='line_1_16' title="bbox 152 1672 1211 1749; baseline 0.002 -17"><span class='ocrx_word' id='word_1_112' title='bbox 152 1695 176 1732; x_wconf 85' lang='lat'>15</span> <span class='ocrx_word' id='word_1_113' title='bbox 191 1672 349 1731; x_wconf 86' lang='lat' dir='ltr'>videbatur</span> <span class='ocrx_word' id='word_1_114' title='bbox 370 1676 409 1732; x_wconf 87' lang='lat' dir='ltr'>iis</span> <span class='ocrx_word' id='word_1_115' title='bbox 433 1675 486 1749; x_wconf 90' lang='lat' dir='ltr'>qui</span> <span class='ocrx_word' id='word_1_116' title='bbox 507 1693 570 1732; x_wconf 89' lang='lat' dir='ltr'>rem</span> <span class='ocrx_word' id='word_1_117' title='bbox 594 1693 713 1733; x_wconf 92' lang='lat' dir='ltr'>omnem</span> <span class='ocrx_word' id='word_1_118' title='bbox 735 1673 993 1749; x_wconf 85' lang='lat' dir='ltr'>substantiamque</span> <span class='ocrx_word' id='word_1_119' title='bbox 1010 1673 1211 1748; x_wconf 85' lang='lat' dir='ltr'>perdiderant.</span> 
     </span>
     <span class='ocr_line' id='line_1_17' title="bbox 192 1762 1211 1841; baseline 0.003 -22"><span class='ocrx_word' id='word_1_120' title='bbox 192 1763 271 1838; x_wconf 90' lang='lat' dir='ltr'>quod</span> <span class='ocrx_word' id='word_1_121' title='bbox 301 1781 371 1821; x_wconf 82' lang='lat' dir='ltr'>vero</span> <span class='ocrx_word' id='word_1_122' title='bbox 400 1763 529 1822; x_wconf 84' lang='lat' dir='ltr'>Thraces</span> <span class='ocrx_word' id='word_1_123' title='bbox 561 1762 677 1822; x_wconf 82' lang='lat' dir='ltr'>incolae</span> <span class='ocrx_word' id='word_1_124' title='bbox 710 1764 873 1822; x_wconf 90' lang='lat' dir='ltr'>amiserant</span> <span class='ocrx_word' id='word_1_125' title='bbox 899 1762 1070 1840; x_wconf 80' lang='lat' dir='ltr'>Lycurgum</span> <span class='ocrx_word' id='word_1_126' title='bbox 1101 1782 1211 1841; x_wconf 81' lang='lat' dir='ltr'>regem,</span> 
     </span>
     <span class='ocr_line' id='line_1_18' title="bbox 191 1850 1211 1928; baseline 0.002 -19"><span class='ocrx_word' id='word_1_127' title='bbox 191 1852 349 1910; x_wconf 86' lang='lat' dir='ltr'>videbatur</span> <span class='ocrx_word' id='word_1_128' title='bbox 371 1850 436 1909; x_wconf 88' lang='lat' dir='ltr'>fieri</span> <span class='ocrx_word' id='word_1_129' title='bbox 458 1870 545 1926; x_wconf 88' lang='lat' dir='ltr'>posse</span> <span class='ocrx_word' id='word_1_130' title='bbox 568 1855 603 1910; x_wconf 87' lang='lat' dir='ltr'>ut</span> <span class='ocrx_word' id='word_1_131' title='bbox 626 1852 815 1912; x_wconf 82' lang='lat' dir='ltr'>adversarius</span> <span class='ocrx_word' id='word_1_132' title='bbox 838 1852 939 1911; x_wconf 90' lang='lat' dir='ltr'>nullus</span> <span class='ocrx_word' id='word_1_133' title='bbox 968 1855 1132 1928; x_wconf 85' lang='lat' dir='ltr'>emergeret</span> <span class='ocrx_word' id='word_1_134' title='bbox 1159 1852 1211 1928; x_wconf 93' lang='lat' dir='ltr'>qui</span> 
     </span>
     <span class='ocr_line' id='line_1_19' title="bbox 191 1940 1210 2016; baseline 0.002 -17"><span class='ocrx_word' id='word_1_135' title='bbox 191 1944 292 2016; x_wconf 91' lang='lat' dir='ltr'>posset</span> <span class='ocrx_word' id='word_1_136' title='bbox 320 1940 476 2014; x_wconf 91' lang='lat' dir='ltr'>prohibere</span> <span class='ocrx_word' id='word_1_137' title='bbox 503 1941 660 2000; x_wconf 85' lang='lat' dir='ltr'>venientis.</span> <span class='ocrx_word' id='word_1_138' title='bbox 706 1940 847 2000; x_wconf 87' lang='lat' dir='ltr'>firmabat</span> <span class='ocrx_word' id='word_1_139' title='bbox 861 1952 987 2001; x_wconf 69' lang='lat' dir='ltr'>&#39;omnem</span> <span class='ocrx_word' id='word_1_140' title='bbox 1010 1960 1093 2016; x_wconf 88' lang='lat' dir='ltr'>spem</span> <span class='ocrx_word' id='word_1_141' title='bbox 1115 1960 1210 2001; x_wconf 88' lang='lat' dir='ltr'>rema·</span> 
     </span>
     <span class='ocr_line' id='line_1_20' title="bbox 191 2029 1234 2107; baseline 0.004 -22"><span class='ocrx_word' id='word_1_142' title='bbox 191 2030 281 2088; x_wconf 89' lang='lat' dir='ltr'>nendi</span> <span class='ocrx_word' id='word_1_143' title='bbox 303 2029 475 2105; x_wconf 88' lang='lat' dir='ltr'>interpositi</span> <span class='ocrx_word' id='word_1_144' title='bbox 498 2029 609 2088; x_wconf 91' lang='lat' dir='ltr'>dudum</span> <span class='ocrx_word' id='word_1_145' title='bbox 631 2030 739 2107; x_wconf 81' lang='lat' dir='ltr'>religio</span> <span class='ocrx_word' id='word_1_146' title='bbox 762 2030 900 2104; x_wconf 83' lang='lat' dir='ltr'>foederis,</span> <span class='ocrx_word' id='word_1_147' title='bbox 919 2029 1117 2089; x_wconf 84' lang='lat' dir='ltr'>diuturnitate</span> <span class='ocrx_word' id='word_1_148' title='bbox 1136 2046 1234 2106; x_wconf 83' lang='lat' dir='ltr'>quo-·</span> 
     </span>
     <span class='ocr_line' id='line_1_21' title="bbox 150 2118 1211 2196; baseline 0 -18"><span class='ocrx_word' id='word_1_149' title='bbox 150 2140 177 2178; x_wconf 77' lang='lat' dir='ltr'>ro</span> <span class='ocrx_word' id='word_1_150' title='bbox 192 2138 250 2194; x_wconf 90' lang='lat' dir='ltr'>que</span> <span class='ocrx_word' id='word_1_151' title='bbox 278 2118 421 2194; x_wconf 85' lang='lat' dir='ltr'>temporis</span> <span class='ocrx_word' id='word_1_152' title='bbox 448 2119 595 2194; x_wconf 80' lang='lat' dir='ltr'>roborati3</span> <span class='ocrx_word' id='word_1_153' title='bbox 628 2120 695 2195; x_wconf 89' lang='lat' dir='ltr'>quis</span> <span class='ocrx_word' id='word_1_154' title='bbox 724 2121 804 2179; x_wconf 88' lang='lat' dir='ltr'>enim</span> <span class='ocrx_word' id='word_1_155' title='bbox 831 2137 890 2177; x_wconf 91' lang='lat' dir='ltr'>non</span> <span class='ocrx_word' id='word_1_156' title='bbox 912 2118 1017 2178; x_wconf 89' lang='lat' dir='ltr'>fideret</span> <span class='ocrx_word' id='word_1_157' title='bbox 1039 2138 1100 2177; x_wconf 94' lang='lat' dir='ltr'>non</span> <span class='ocrx_word' id='word_1_158' title='bbox 1121 2139 1211 2196; x_wconf 83' lang='lat' dir='ltr'>nega-</span> 
     </span>
     <span class='ocr_line' id='line_1_22' title="bbox 190 2206 1210 2284; baseline 0.003 -19"><span class='ocrx_word' id='word_1_159' title='bbox 190 2211 274 2266; x_wconf 89' lang='lat' dir='ltr'>turos</span> <span class='ocrx_word' id='word_1_160' title='bbox 301 2208 536 2267; x_wconf 82' lang='lat' dir='ltr'>benivolentiam</span> <span class='ocrx_word' id='word_1_161' title='bbox 562 2208 679 2267; x_wconf 91' lang='lat' dir='ltr'>miseris</span> <span class='ocrx_word' id='word_1_162' title='bbox 706 2227 782 2284; x_wconf 88' lang='lat' dir='ltr'>quae</span> <span class='ocrx_word' id='word_1_163' title='bbox 805 2207 980 2267; x_wconf 84' lang='lat' dir='ltr'>florentibus</span> <span class='ocrx_word' id='word_1_164' title='bbox 1004 2206 1100 2267; x_wconf 90' lang='lat' dir='ltr'>adhuc</span> <span class='ocrx_word' id='word_1_165' title='bbox 1123 2208 1210 2268; x_wconf 89' lang='lat' dir='ltr'>rebus</span> 
     </span>
     <span class='ocr_line' id='line_1_23' title="bbox 190 2295 1210 2375; baseline 0.002 -20"><span class='ocrx_word' id='word_1_166' title='bbox 190 2300 221 2355; x_wconf 84' lang='lat' dir='ltr'>et</span> <span class='ocrx_word' id='word_1_167' title='bbox 244 2296 345 2355; x_wconf 90' lang='lat' dir='ltr'>debita</span> <span class='ocrx_word' id='word_1_168' title='bbox 373 2297 431 2355; x_wconf 82' lang='lat' dir='ltr'>fuit</span> <span class='ocrx_word' id='word_1_169' title='bbox 459 2301 489 2356; x_wconf 92' lang='lat' dir='ltr'>et</span> <span class='ocrx_word' id='word_1_170' title='bbox 515 2297 659 2356; x_wconf 90' lang='lat' dir='ltr'>memoria</span> <span class='ocrx_word' id='word_1_171' title='bbox 688 2297 822 2375; x_wconf 85' lang='lat' dir='ltr'>longiore</span> <span class='ocrx_word' id='word_1_172' title='bbox 849 2295 990 2356; x_wconf 80' lang='lat' dir='ltr'>servata?</span> <span class='ocrx_word' id='word_1_173' title='bbox 1034 2299 1114 2371; x_wconf 79' lang='lat' dir='ltr'>feror</span> <span class='ocrx_word' id='word_1_174' title='bbox 1140 2298 1210 2357; x_wconf 83' lang='lat' dir='ltr'>bne:</span> 
     </span>
     <span class='ocr_line' id='line_1_24' title="bbox 190 2385 1210 2462; baseline 0.002 -19"><span class='ocrx_word' id='word_1_175' title='bbox 190 2406 250 2445; x_wconf 94' lang='lat' dir='ltr'>non</span> <span class='ocrx_word' id='word_1_176' title='bbox 278 2385 354 2444; x_wconf 84' lang='lat' dir='ltr'>dixit</span> <span class='ocrx_word' id='word_1_177' title='bbox 381 2386 463 2460; x_wconf 81' lang='lat' dir='ltr'>veui,</span> <span class='ocrx_word' id='word_1_178' title='bbox 491 2386 543 2446; x_wconf 91' lang='lat' dir='ltr'>sed</span> <span class='ocrx_word' id='word_1_179' title='bbox 565 2406 600 2445; x_wconf 84' lang='lat' dir='ltr'>ex</span> <span class='ocrx_word' id='word_1_180' title='bbox 623 2390 733 2446; x_wconf 87' lang='lat' dir='ltr'>eventu</span> <span class='ocrx_word' id='word_1_181' title='bbox 755 2386 871 2445; x_wconf 86' lang='lat' dir='ltr'>delatus</span> <span class='ocrx_word' id='word_1_182' title='bbox 896 2404 974 2462; x_wconf 82' lang='lat' dir='ltr'>sum3</span> <span class='ocrx_word' id='word_1_183' title='bbox 1006 2387 1107 2461; x_wconf 88' lang='lat' dir='ltr'>ipsum</span> <span class='ocrx_word' id='word_1_184' title='bbox 1131 2388 1210 2446; x_wconf 91' lang='lat' dir='ltr'>enim</span> 
     </span>
     <span class='ocr_line' id='line_1_25' title="bbox 189 2475 1212 2551; baseline 0.003 -19"><span class='ocrx_word' id='word_1_185' title='bbox 189 2476 246 2533; x_wconf 87' lang='lat' dir='ltr'>hoc</span> <span class='ocrx_word' id='word_1_186' title='bbox 278 2494 338 2533; x_wconf 91' lang='lat' dir='ltr'>non</span> <span class='ocrx_word' id='word_1_187' title='bbox 371 2476 541 2551; x_wconf 86' lang='lat' dir='ltr'>consilium,</span> <span class='ocrx_word' id='word_1_188' title='bbox 573 2494 632 2535; x_wconf 92' lang='lat' dir='ltr'>non</span> <span class='ocrx_word' id='word_1_189' title='bbox 663 2476 796 2535; x_wconf 88' lang='lat' dir='ltr'>humana</span> <span class='ocrx_word' id='word_1_190' title='bbox 825 2475 966 2535; x_wconf 86' lang='lat' dir='ltr'>voluntas</span> <span class='ocrx_word' id='word_1_191' title='bbox 993 2475 1138 2535; x_wconf 84' lang='lat' dir='ltr'>effecerat.</span> <span class='ocrx_word' id='word_1_192' title='bbox 1184 2480 1212 2536; x_wconf 88' lang='lat' dir='ltr'>et</span> 
     </span>
     <span class='ocr_line' id='line_1_26' title="bbox 149 2565 1210 2639; baseline 0 -15"><span class='ocrx_word' id='word_1_193' title='bbox 149 2565 273 2624; x_wconf 78' lang='lat' dir='ltr'>astitere</span> <span class='ocrx_word' id='word_1_194' title='bbox 309 2581 398 2623; x_wconf 82' lang='lat' dir='ltr'>carno</span> <span class='ocrx_word' id='word_1_195' title='bbox 433 2567 548 2624; x_wconf 83' lang='lat' dir='ltr'>naenia</span> <span class='ocrx_word' id='word_1_196' title='bbox 579 2566 683 2639; x_wconf 79' lang='lat' dir='ltr'>prima</span> <span class='ocrx_word' id='word_1_197' title='bbox 720 2566 780 2624; x_wconf 85' lang='lat' dir='ltr'>toea</span> <span class='ocrx_word' id='word_1_198' title='bbox 816 2565 888 2637; x_wconf 80' lang='lat' dir='ltr'>fatis</span> <span class='ocrx_word' id='word_1_199' title='bbox 919 2566 1069 2638; x_wconf 70' lang='lat' dir='ltr'>inpressas</span> <span class='ocrx_word' id='word_1_200' title='bbox 1098 2565 1210 2639; x_wconf 64' lang='lat' dir='ltr'>iniqua</span> 
     </span>
     <span class='ocr_line' id='line_1_27' title="bbox 189 2652 1210 2730; baseline 0.003 -20"><span class='ocrx_word' id='word_1_201' title='bbox 189 2652 403 2726; x_wconf 78' lang='lat' dir='ltr'>Aeneadasque</span> <span class='ocrx_word' id='word_1_202' title='bbox 425 2671 487 2713; x_wconf 78' lang='lat' dir='ltr'>tneo</span> <span class='ocrx_word' id='word_1_203' title='bbox 509 2671 614 2712; x_wconf 88' lang='lat' dir='ltr'>namen</span> <span class='ocrx_word' id='word_1_204' title='bbox 637 2654 673 2712; x_wconf 85' lang='lat' dir='ltr'>de</span> <span class='ocrx_word' id='word_1_205' title='bbox 695 2656 812 2713; x_wconf 75' lang='lat' dir='ltr'>namna</span> <span class='ocrx_word' id='word_1_206' title='bbox 834 2656 929 2727; x_wconf 68' lang='lat' dir='ltr'>sinae:</span> <span class='ocrx_word' id='word_1_207' title='bbox 951 2673 1029 2728; x_wconf 86' lang='lat' dir='ltr'>mox,</span> <span class='ocrx_word' id='word_1_208' title='bbox 1047 2653 1156 2730; x_wconf 88' lang='lat' dir='ltr'>inquit,</span> <span class='ocrx_word' id='word_1_209' title='bbox 1174 2659 1210 2715; x_wconf 86' lang='lat' dir='ltr'>ut</span> 
     </span>
     <span class='ocr_line' id='line_1_28' title="bbox 189 2742 1208 2820; baseline 0.004 -21"><span class='ocrx_word' id='word_1_210' title='bbox 189 2742 262 2802; x_wconf 86' lang='lat' dir='ltr'>litus</span> <span class='ocrx_word' id='word_1_211' title='bbox 291 2743 380 2820; x_wconf 80' lang='lat' dir='ltr'>attigi</span> <span class='ocrx_word' id='word_1_212' title='bbox 409 2742 469 2802; x_wconf 90' lang='lat' dir='ltr'>loci</span> <span class='ocrx_word' id='word_1_213' title='bbox 497 2745 572 2818; x_wconf 88' lang='lat' dir='ltr'>eius,</span> <span class='ocrx_word' id='word_1_214' title='bbox 601 2743 828 2817; x_wconf 87' lang='lat' dir='ltr'>dispositionem</span> <span class='ocrx_word' id='word_1_215' title='bbox 856 2762 923 2803; x_wconf 87' lang='lat' dir='ltr'>sum</span> <span class='ocrx_word' id='word_1_216' title='bbox 949 2762 1045 2803; x_wconf 87' lang='lat' dir='ltr'>novae</span> <span class='ocrx_word' id='word_1_217' title='bbox 1076 2745 1208 2803; x_wconf 84' lang='lat' dir='ltr'>civitatis</span> 
     </span>
     <span class='ocr_line' id='line_1_29' title="bbox 189 2832 1208 2909; baseline 0.003 -20"><span class='ocrx_word' id='word_1_218' title='bbox 189 2832 347 2909; x_wconf 86' lang='lat' dir='ltr'>adgressus</span> <span class='ocrx_word' id='word_1_219' title='bbox 369 2850 451 2890; x_wconf 91' lang='lat' dir='ltr'>meos</span> <span class='ocrx_word' id='word_1_220' title='bbox 475 2832 571 2891; x_wconf 91' lang='lat' dir='ltr'>omnis</span> <span class='ocrx_word' id='word_1_221' title='bbox 594 2833 717 2909; x_wconf 86' lang='lat' dir='ltr'>signans</span> <span class='ocrx_word' id='word_1_222' title='bbox 740 2833 860 2892; x_wconf 89' lang='lat' dir='ltr'>nomine</span> <span class='ocrx_word' id='word_1_223' title='bbox 887 2852 963 2906; x_wconf 87' lang='lat' dir='ltr'>meo,</span> <span class='ocrx_word' id='word_1_224' title='bbox 993 2835 1028 2891; x_wconf 87' lang='lat' dir='ltr'>ut</span> <span class='ocrx_word' id='word_1_225' title='bbox 1049 2832 1208 2892; x_wconf 82' lang='lat' dir='ltr'>Aeneadae</span> 
     </span>
     <span class='ocr_line' id='line_1_30' title="bbox 190 2921 1209 2999; baseline 0.003 -21"><span class='ocrx_word' id='word_1_226' title='bbox 190 2921 365 2979; x_wconf 88' lang='lat' dir='ltr'>dicerentur.</span> <span class='ocrx_word' id='word_1_227' title='bbox 412 2921 483 2979; x_wconf 86' lang='lat' dir='ltr'>fatis</span> <span class='ocrx_word' id='word_1_228' title='bbox 506 2923 657 2999; x_wconf 80' lang='lat' dir='ltr'>ingressus</span> <span class='ocrx_word' id='word_1_229' title='bbox 679 2921 806 2997; x_wconf 86' lang='lat' dir='ltr'>iniquis:</span> <span class='ocrx_word' id='word_1_230' title='bbox 828 2922 886 2981; x_wconf 90' lang='lat' dir='ltr'>hoo</span> <span class='ocrx_word' id='word_1_231' title='bbox 907 2941 1006 2981; x_wconf 90' lang='lat' dir='ltr'>rerum</span> <span class='ocrx_word' id='word_1_232' title='bbox 1025 2924 1130 2995; x_wconf 87' lang='lat' dir='ltr'>exitus,</span> <span class='ocrx_word' id='word_1_233' title='bbox 1149 2942 1209 2981; x_wconf 91' lang='lat' dir='ltr'>non</span> 
     </span>
     <span class='ocr_line' id='line_1_31' title="bbox 146 3011 1208 3087; baseline 0 -16"><span class='ocrx_word' id='word_1_234' title='bbox 146 3011 278 3071; x_wconf 80' lang='lat' dir='ltr'>comitia</span> <span class='ocrx_word' id='word_1_235' title='bbox 301 3011 474 3083; x_wconf 87' lang='lat' dir='ltr'>docuerunt,</span> <span class='ocrx_word' id='word_1_236' title='bbox 498 3013 630 3069; x_wconf 87' lang='lat' dir='ltr'>ceterum</span> <span class='ocrx_word' id='word_1_237' title='bbox 652 3012 679 3069; x_wconf 88' lang='lat' dir='ltr'>si</span> <span class='ocrx_word' id='word_1_238' title='bbox 702 3012 771 3069; x_wconf 88' lang='lat' dir='ltr'>ante</span> <span class='ocrx_word' id='word_1_239' title='bbox 794 3011 980 3087; x_wconf 88' lang='lat' dir='ltr'>praescisset,</span> <span class='ocrx_word' id='word_1_240' title='bbox 1003 3012 1132 3070; x_wconf 86' lang='lat' dir='ltr'>transire</span> <span class='ocrx_word' id='word_1_241' title='bbox 1155 3031 1208 3086; x_wconf 96' lang='lat' dir='ltr'>po-</span> 
     </span>
    </p>
   </div>
   <div class='ocr_carea' id='block_1_3' title="bbox 187 3144 1227 3714">
    <p class='ocr_par' dir='ltr' id='par_1_6' title="bbox 187 3144 1227 3714">
     <span class='ocr_line' id='line_1_32' title="bbox 263 3144 1209 3215; baseline 0.002 -18"><span class='ocrx_word' id='word_1_242' title='bbox 263 3150 275 3196; x_wconf 96' lang='lat'>1</span> <span class='ocrx_word' id='word_1_243' title='bbox 294 3150 444 3211; x_wconf 79' lang='lat' dir='ltr'>potnerunt</span> <span class='ocrx_word' id='word_1_244' title='bbox 461 3146 503 3198; x_wconf 79' lang='lat' dir='ltr'>ine</span> <span class='ocrx_word' id='word_1_245' title='bbox 520 3144 573 3197; x_wconf 81' lang='lat' dir='ltr'>La</span> <span class='ocrx_word' id='word_1_246' title='bbox 588 3161 617 3212; x_wconf 87' lang='lat' dir='ltr'>p.</span> <span class='ocrx_word' id='word_1_247' title='bbox 637 3145 750 3199; x_wconf 79' lang='lat' dir='ltr'>interire</span> <span class='ocrx_word' id='word_1_248' title='bbox 768 3161 819 3198; x_wconf 85' lang='lat' dir='ltr'>nos</span> <span class='ocrx_word' id='word_1_249' title='bbox 835 3162 865 3213; x_wconf 87' lang='lat' dir='ltr'>p.</span> <span class='ocrx_word' id='word_1_250' title='bbox 880 3145 972 3215; x_wconf 82' lang='lat' dir='ltr'>perire</span> <span class='ocrx_word' id='word_1_251' title='bbox 991 3144 1056 3198; x_wconf 78' lang='lat' dir='ltr'>eds.</span> <span class='ocrx_word' id='word_1_252' title='bbox 1118 3150 1133 3197; x_wconf 82' lang='lat'><strong>3</strong></span> <span class='ocrx_word' id='word_1_253' title='bbox 1153 3162 1209 3212; x_wconf 75' lang='lat' dir='ltr'>aaa</span> 
     </span>
     <span class='ocr_line' id='line_1_33' title="bbox 188 3215 1209 3284; baseline 0.003 -17"><span class='ocrx_word' id='word_1_254' title='bbox 188 3215 241 3267; x_wconf 84' lang='lat' dir='ltr'>LR</span> <span class='ocrx_word' id='word_1_255' title='bbox 260 3217 327 3284; x_wconf 81' lang='lat' dir='ltr'>qnia</span> <span class='ocrx_word' id='word_1_256' title='bbox 344 3233 359 3268; x_wconf 89' lang='lat' dir='ltr'>r</span> <span class='ocrx_word' id='word_1_257' title='bbox 377 3215 420 3268; x_wconf 89' lang='lat' dir='ltr'>ed.</span> <span class='ocrx_word' id='word_1_258' title='bbox 494 3220 510 3267; x_wconf 80' lang='lat'><strong>5</strong></span> <span class='ocrx_word' id='word_1_259' title='bbox 529 3217 645 3284; x_wconf 78' lang='lat' dir='ltr'>indeque</span> <span class='ocrx_word' id='word_1_260' title='bbox 664 3215 707 3269; x_wconf 92' lang='lat' dir='ltr'>ed.</span> <span class='ocrx_word' id='word_1_261' title='bbox 782 3221 797 3269; x_wconf 88' lang='grc'>6</span> <span class='ocrx_word' id='word_1_262' title='bbox 816 3217 916 3270; x_wconf 77' lang='lat' dir='ltr'>iterata</span> <span class='ocrx_word' id='word_1_263' title='bbox 934 3216 1089 3270; x_wconf 80' lang='lat' dir='ltr'>nominaret</span> <span class='ocrx_word' id='word_1_264' title='bbox 1106 3215 1160 3268; x_wconf 88' lang='lat' dir='ltr'>LR</span> <span class='ocrx_word' id='word_1_265' title='bbox 1177 3222 1209 3270; x_wconf 88' lang='lat' dir='ltr'>nt</span> 
     </span>
     <span class='ocr_line' id='line_1_34' title="bbox 189 3285 1206 3355; baseline 0.003 -17"><span class='ocrx_word' id='word_1_266' title='bbox 189 3289 208 3339; x_wconf 80' lang='lat' dir='ltr'>t.</span> <span class='ocrx_word' id='word_1_267' title='bbox 228 3304 255 3338; x_wconf 91' lang='lat' dir='ltr'>n.</span> <span class='ocrx_word' id='word_1_268' title='bbox 275 3304 289 3338; x_wconf 91' lang='lat' dir='ltr'>r</span> <span class='ocrx_word' id='word_1_269' title='bbox 307 3287 325 3339; x_wconf 86' lang='lat' dir='ltr'>i.</span> <span class='ocrx_word' id='word_1_270' title='bbox 345 3288 488 3341; x_wconf 79' lang='lat' dir='ltr'>nominare</span> <span class='ocrx_word' id='word_1_271' title='bbox 507 3287 551 3340; x_wconf 93' lang='lat' dir='ltr'>ed.</span> <span class='ocrx_word' id='word_1_272' title='bbox 643 3292 731 3341; x_wconf 84' lang='lat'>9-10</span> <span class='ocrx_word' id='word_1_273' title='bbox 751 3292 838 3341; x_wconf 84' lang='lat' dir='ltr'>terrae</span> <span class='ocrx_word' id='word_1_274' title='bbox 857 3286 895 3340; x_wconf 86' lang='lat' dir='ltr'>ad</span> <span class='ocrx_word' id='word_1_275' title='bbox 912 3286 966 3339; x_wconf 80' lang='lat' dir='ltr'>La</span> <span class='ocrx_word' id='word_1_276' title='bbox 984 3303 1054 3355; x_wconf 79' lang='lat' dir='ltr'>qnae</span> <span class='ocrx_word' id='word_1_277' title='bbox 1072 3285 1206 3355; x_wconf 87' lang='lat' dir='ltr'>interpos.</span> 
     </span>
     <span class='ocr_line' id='line_1_35' title="bbox 188 3357 1170 3428; baseline -0.001 -18"><span class='ocrx_word' id='word_1_278' title='bbox 188 3377 203 3410; x_wconf 91' lang='lat' dir='ltr'>r</span> <span class='ocrx_word' id='word_1_279' title='bbox 222 3358 280 3412; x_wconf 80' lang='lat' dir='ltr'>edF</span> <span class='ocrx_word' id='word_1_280' title='bbox 299 3360 344 3426; x_wconf 90' lang='lat' dir='ltr'>(ne</span> <span class='ocrx_word' id='word_1_281' title='bbox 363 3357 481 3411; x_wconf 90' lang='lat' dir='ltr'>haereas</span> <span class='ocrx_word' id='word_1_282' title='bbox 499 3358 530 3411; x_wconf 90' lang='lat' dir='ltr'>in</span> <span class='ocrx_word' id='word_1_283' title='bbox 548 3358 651 3412; x_wconf 90' lang='lat' dir='ltr'>iterato</span> <span class='ocrx_word' id='word_1_284' title='bbox 671 3376 749 3428; x_wconf 79' lang='lat' dir='ltr'>qnae,</span> <span class='ocrx_word' id='word_1_285' title='bbox 769 3358 803 3413; x_wconf 88' lang='lat' dir='ltr'>ef.</span> <span class='ocrx_word' id='word_1_286' title='bbox 824 3372 909 3427; x_wconf 88' lang='lat' dir='ltr'>supra</span> <span class='ocrx_word' id='word_1_287' title='bbox 927 3375 951 3411; x_wconf 85' lang='lat' dir='ltr'>v.</span> <span class='ocrx_word' id='word_1_288' title='bbox 967 3362 984 3409; x_wconf 87' lang='grc'>4</span> <span class='ocrx_word' id='word_1_289' title='bbox 1002 3359 1051 3426; x_wconf 76' lang='lat' dir='ltr'>qni</span> <span class='ocrx_word' id='word_1_290' title='bbox 1061 3390 1093 3398; x_wconf 91' lang='lat'><em>-</em></span> <span class='ocrx_word' id='word_1_291' title='bbox 1105 3361 1170 3426; x_wconf 71' lang='lat' dir='ltr'>aas).</span> 
     </span>
     <span class='ocr_line' id='line_1_36' title="bbox 191 3428 1208 3500; baseline 0.002 -18"><span class='ocrx_word' id='word_1_292' title='bbox 191 3434 224 3482; x_wconf 76' lang='lat'>12</span> <span class='ocrx_word' id='word_1_293' title='bbox 243 3430 276 3483; x_wconf 82' lang='lat' dir='ltr'>de</span> <span class='ocrx_word' id='word_1_294' title='bbox 294 3431 391 3483; x_wconf 80' lang='lat' dir='ltr'>itinere</span> <span class='ocrx_word' id='word_1_295' title='bbox 409 3430 435 3482; x_wconf 88' lang='lat' dir='ltr'><strong>R</strong></span> <span class='ocrx_word' id='word_1_296' title='bbox 453 3430 611 3485; x_wconf 80' lang='lat' dir='ltr'>detinerer.</span> <span class='ocrx_word' id='word_1_297' title='bbox 677 3436 710 3484; x_wconf 89' lang='grc'>19</span> <span class='ocrx_word' id='word_1_298' title='bbox 729 3430 860 3499; x_wconf 75' lang='lat' dir='ltr'>retipione</span> <span class='ocrx_word' id='word_1_299' title='bbox 879 3428 922 3482; x_wconf 91' lang='lat' dir='ltr'>ed.</span> <span class='ocrx_word' id='word_1_300' title='bbox 991 3433 1026 3482; x_wconf 76' lang='lat'>20</span> <span class='ocrx_word' id='word_1_301' title='bbox 1045 3436 1208 3500; x_wconf 72' lang='lat' dir='ltr'>neqatwam</span> 
     </span>
     <span class='ocr_line' id='line_1_37' title="bbox 187 3501 1227 3570; baseline -0.006 -15"><span class='ocrx_word' id='word_1_302' title='bbox 187 3518 216 3555; x_wconf 90' lang='lat' dir='ltr'>se</span> <span class='ocrx_word' id='word_1_303' title='bbox 234 3518 248 3553; x_wconf 89' lang='lat' dir='ltr'>r</span> <span class='ocrx_word' id='word_1_304' title='bbox 267 3501 413 3570; x_wconf 87' lang='lat' dir='ltr'>(obscure).</span> <span class='ocrx_word' id='word_1_305' title='bbox 518 3506 553 3554; x_wconf 76' lang='lat'>23</span> <span class='ocrx_word' id='word_1_306' title='bbox 571 3503 687 3556; x_wconf 66' lang='lat' dir='ltr'>connect</span> <span class='ocrx_word' id='word_1_307' title='bbox 705 3501 757 3554; x_wconf 87' lang='lat' dir='ltr'>LR</span> <span class='ocrx_word' id='word_1_308' title='bbox 774 3503 838 3556; x_wconf 79' lang='lat' dir='ltr'>aeni</span> <span class='ocrx_word' id='word_1_309' title='bbox 854 3501 901 3555; x_wconf 85' lang='lat' dir='ltr'>sed</span> <span class='ocrx_word' id='word_1_310' title='bbox 918 3517 933 3553; x_wconf 91' lang='lat' dir='ltr'>r</span> <span class='ocrx_word' id='word_1_311' title='bbox 950 3501 1056 3556; x_wconf 82' lang='lat' dir='ltr'>venisse</span> <span class='ocrx_word' id='word_1_312' title='bbox 1073 3501 1123 3553; x_wconf 77' lang='lat' dir='ltr'>sed</span> <span class='ocrx_word' id='word_1_313' title='bbox 1141 3501 1227 3566; x_wconf 34' lang='lat' dir='ltr'>en&amp;</span> 
     </span>
     <span class='ocr_line' id='line_1_38' title="bbox 188 3566 1203 3644; baseline -0.006 -20"><span class='ocrx_word' id='word_1_314' title='bbox 188 3574 247 3640; x_wconf 77' lang='lat' dir='ltr'>ipse</span> <span class='ocrx_word' id='word_1_315' title='bbox 265 3571 318 3624; x_wconf 83' lang='lat' dir='ltr'>LR</span> <span class='ocrx_word' id='word_1_316' title='bbox 337 3572 380 3625; x_wconf 88' lang='lat' dir='ltr'>ed.</span> <span class='ocrx_word' id='word_1_317' title='bbox 399 3574 488 3640; x_wconf 82' lang='lat' dir='ltr'>ipsam</span> <span class='ocrx_word' id='word_1_318' title='bbox 508 3590 530 3625; x_wconf 88' lang='lat' dir='ltr'>r.</span> <span class='ocrx_word' id='word_1_319' title='bbox 595 3579 630 3626; x_wconf 76' lang='lat' dir='ltr'>at</span> <span class='ocrx_word' id='word_1_320' title='bbox 648 3574 764 3629; x_wconf 78' lang='lat' dir='ltr'>consitio</span> <span class='ocrx_word' id='word_1_321' title='bbox 782 3590 872 3644; x_wconf 81' lang='lat' dir='ltr'>neque</span> <span class='ocrx_word' id='word_1_322' title='bbox 891 3572 965 3640; x_wconf 48' lang='lat' dir='ltr'>edi</span> <span class='ocrx_word' id='word_1_323' title='bbox 980 3572 1132 3627; x_wconf 65' lang='lat' dir='ltr'>botuntum</span> <span class='ocrx_word' id='word_1_324' title='bbox 1151 3566 1203 3617; x_wconf 61' lang='lat' dir='ltr'>ed.</span> 
     </span>
     <span class='ocr_line' id='line_1_39' title="bbox 189 3642 1044 3714; baseline -0.002 -18"><span class='ocrx_word' id='word_1_325' title='bbox 189 3649 224 3697; x_wconf 83' lang='lat'>30</span> <span class='ocrx_word' id='word_1_326' title='bbox 237 3644 428 3711; x_wconf 69' lang='lat' dir='ltr'>praescivisset</span> <span class='ocrx_word' id='word_1_327' title='bbox 445 3644 486 3696; x_wconf 87' lang='lat' dir='ltr'>ed.</span> <span class='ocrx_word' id='word_1_328' title='bbox 503 3646 511 3714; x_wconf 74' lang='grc' dir='ltr'><em>Ι</em></span> <span class='ocrx_word' id='word_1_329' title='bbox 530 3648 665 3704; x_wconf 79' lang='lat' dir='ltr'>transiret</span> <span class='ocrx_word' id='word_1_330' title='bbox 682 3647 739 3702; x_wconf 82' lang='lat' dir='ltr'>LR</span> <span class='ocrx_word' id='word_1_331' title='bbox 757 3648 889 3705; x_wconf 80' lang='lat' dir='ltr'>transire</span> <span class='ocrx_word' id='word_1_332' title='bbox 907 3662 972 3700; x_wconf 86' lang='lat' dir='ltr'>non</span> <span class='ocrx_word' id='word_1_333' title='bbox 991 3642 1044 3697; x_wconf 78' lang='lat' dir='ltr'>ed.</span> 
     </span>
    </p>
   </div>
   <div class='ocr_carea' id='block_1_4' title="bbox 0 0 1372 4159">
    <p class='ocr_par' dir='ltr' id='par_1_7' title="bbox 0 0 1372 4159">
     <span class='ocr_line' id='line_1_40' title="bbox 0 0 1372 4159; baseline 0 1"><span class='ocrx_word' id='word_1_334' title='bbox 0 0 1372 4159; x_wconf 95' lang='lat' dir='ltr'> </span> 
     </span>
    </p>
   </div>
  </div>
 </body>
</html>
