2734 4159
580 284 764 339 AENEIDOS
781 284 821 339 111
1147 286 1210 350 271

195 454 313 512 visurus
350 471 410 512 non
447 456 524 513 esset
560 457 764 529 quantumque
796 452 866 512 filiis
899 455 1081 531 consumptis
1114 474 1213 515 secum

197 542 333 600 omnibus
356 545 462 617 postea
484 543 583 601 fuerat
607 543 788 616 conlaturus,
805 545 955 619 postremo
978 546 1095 603 tantum
1120 564 1213 621 quan-

196 634 261 688 tum
289 631 418 690 amicum
444 634 477 690 in
499 631 669 707 perfidiam,
698 634 843 708 quantum
865 634 898 690 in
922 632 1081 692 avaritiam
1103 653 1213 711 regem,

197 723 343 795 quantum
369 722 561 780 miseratione
588 723 700 780 reiecta
727 721 837 780 veteris
866 721 1017 781 amicitiae
1049 721 1214 782 debitorem

170 810 227 869 ein
251 828 352 869 necem
375 812 462 885 pueri
483 812 585 886 potuit
607 827 777 886 provocare.
810 810 859 869 hic
878 828 995 887 quoqne
1014 811 1121 885 locum,
1139 814 1212 871 tern-

197 918 254 973 pus
281 918 498 976 personamque
525 901 676 960 tractavit.
723 899 841 959 funesta
869 918 904 958 ac
936 899 1066 959 nefanda
1097 901 1213 960 facturo

198 991 346 1063 oportuna
369 993 438 1047 sunt
461 991 540 1048 visa:
572 1008 642 1047 narn
664 989 747 1048 locus
772 990 908 1064 quamvis
933 991 1085 1065 proximus
1112 992 1214 1048 tamen

196 1080 367 1136 interventu
386 1078 487 1157 pelagi
510 1082 666 1153 separatus
690 1077 750 1135 fuit
770 1098 786 1136 a
805 1078 915 1137 finibus
934 1078 1051 1153 Troiae,
1069 1096 1214 1153 personae

196 1186 267 1224 vero
294 1170 441 1226 tractatus
470 1168 542 1241 fuit,
571 1168 649 1243 quod
675 1166 764 1225 facile
787 1185 913 1243 puerum
936 1169 967 1226 et
989 1168 1086 1227 solum
1108 1186 1213 1226 necare

156 1276 181 1316 ro
196 1258 357 1331 potuisset,
385 1256 569 1316 defensorem
598 1259 698 1316 autern
726 1275 906 1315 emersurum
935 1256 1073 1315 credebat
1098 1257 1215 1316 nullum

197 1346 249 1420 qui
277 1344 424 1403 ultionem
450 1346 608 1405 moliretur
635 1347 738 1420 occisi,
765 1346 874 1404 idonea
900 1364 970 1405 vero
995 1347 1139 1421 temporis
1162 1345 1213 1405 da-

196 1434 287 1492 batur
310 1437 425 1493 occasio
449 1434 567 1493 Iliensis
590 1435 710 1511 imperii
733 1434 877 1494 felicitate
900 1434 1022 1494 deiecta.
1068 1436 1140 1495 fecit
1161 1434 1214 1495 ille

197 1522 277 1598 quod
309 1524 413 1582 infelix
446 1523 481 1582 de
513 1524 598 1583 hoste
629 1524 767 1583 Priamus
800 1525 915 1582 metuit.
969 1542 1034 1583 ecce
1062 1523 1213 1602 Vergilius

197 1612 284 1670 docet
306 1614 337 1670 in
362 1612 494 1673 adversis
516 1631 571 1671 nec
595 1614 699 1672 amicis
717 1612 885 1671 habendam
903 1612 1001 1688 fidem,
1018 1613 1071 1672 ubi
1088 1616 1214 1689 possunt

155 1723 181 1761 re
197 1702 305 1759 scelere
337 1702 421 1760 lucra
453 1703 578 1777 captari.
629 1701 750 1761 difficile
783 1704 829 1761 est
861 1704 940 1761 enim
972 1704 1085 1761 servari
1116 1702 1213 1777 fidem,

197 1810 263 1849 cum
290 1791 422 1850 fatorum
449 1793 590 1866 primitus
617 1791 711 1851 fuerit
737 1792 848 1865 fracta3
880 1791 1003 1866 perinde
1031 1792 1109 1851 enirn
1134 1792 1214 1851 inter

197 1880 307 1939 amicos
330 1879 403 1939 fides
427 1884 473 1939 est
495 1884 530 1939 ut
552 1882 691 1940 fortunae
714 1884 744 1940 et
767 1881 898 1940 fatorum
921 1899 1023 1939 cursus
1047 1900 1110 1940 sese
1128 1900 1213 1957 pree·

195 1970 323 2027 buerint.
369 1970 438 2028 hinc
461 1972 552 2044 poeta
577 1972 736 2046 conpulsus
760 1990 795 2029 ex
817 1988 944 2045 persona
967 1970 1030 2029 eius
1055 1990 1143 2045 quem
1170 1972 1212 2030 lo-

197 2062 337 2133 quentem
372 2058 531 2117 induxerat
568 2061 611 2118 sic
647 2059 822 2135 cupiditatis
860 2060 926 2117 auri
962 2059 1212 2135 vituperationem

155 2149 314 2221 reclausit,
332 2150 366 2205 ut
389 2149 522 2225 generali
545 2149 759 2208 exclamatione
779 2148 891 2207 diceret
909 2148 979 2221 quid
996 2166 1057 2207 mori
1077 2150 1213 2208 mortalia

189 2242 311 2309 pectora
333 2239 418 2311 copis,
438 2240 507 2297 ocri
530 2255 618 2297 sacro
639 2239 751 2312 fames!
781 2256 847 2297 cum
871 2238 945 2297 dicit
967 2238 1040 2314 quid
1062 2256 1131 2312 non,
1153 2256 1213 2297 non

195 2329 315 2383 tantum
338 2326 374 2384 de
397 2328 549 2402 praesenti
568 2346 658 2386 causa
676 2327 778 2403 sensit,
797 2326 849 2386 sed
868 2327 903 2385 de
923 2329 1005 2385 omni
1023 2346 1129 2403 genere
1147 2347 1212 2403 per·

196 2434 336 2474 sonarum
368 2418 398 2474 et
433 2416 686 2475 necessitudinum
723 2419 753 2475 et
789 2415 825 2474 de
862 2415 1036 2475 criminibus
1067 2416 1212 2476 omnibus.

197 2505 285 2562 sicuti
309 2506 388 2562 enim
410 2506 521 2563 lectum
544 2509 662 2565 constat
681 2508 712 2564 et
730 2504 865 2579 exempla
887 2508 1023 2563 veterum
1041 2503 1213 2581 docuerunt,

155 2594 267 2654 refecit
296 2595 362 2651 auri
389 2594 538 2669 cupiditas
566 2596 682 2669 patriae
715 2593 895 2670 proditores,
928 2593 1052 2668 aurique
1083 2594 1212 2669 pondere

196 2682 283 2740 fidem
307 2701 395 2757 saepe
418 2683 550 2741 militum
573 2684 715 2757 fractam,
737 2682 865 2741 fractam
889 2684 1062 2761 coniugum,
1085 2683 1212 2743 stactam

195 2774 364 2845 nautarum,
383 2772 509 2830 fractam
527 2774 740 2847 proximorum,
759 2773 886 2831 fractam
905 2771 1067 2847 foederum,
1085 2773 1213 2832 fractam

269 2965 281 3010 1
303 2976 415 3026 eumque
433 2959 496 3013 ellos
514 2966 686 3027 consumptos
704 2976 793 3013 cecum
807 2959 899 3016 LRc.
914 2960 963 3014 iiio
981 2976 1112 3028 comsump
1114 2966 1178 3014 tos.
1198 2979 1212 3013 r

195 3030 237 3082 ita
261 3029 421 3096 emendavi,
448 3032 482 3083 ut
505 3029 539 3083 de
563 3030 674 3084 heredit
662 3032 723 3083 tate
745 3030 875 3084 omnibus
898 3030 965 3084 filiis
993 3031 1181 3085 destinatae

195 3099 391 3169 intellegatur;
410 3101 569 3170 praefixo„
572 3101 638 3155 dare
656 3118 694 3170 po
696 3101 768 3155 cuir
788 3100 898 3170 reliqua
916 3103 949 3155 ut
962 3101 1149 3155 LRtradidit
1163 3031 1212 3157 adl

195 3172 291 3254 inepte
310 3174 378 3225 mut.
394 3173 460 3225 edF
520 3178 537 3225 4
555 3175 656 3227 misera
669 3180 775 3227 comeret
764 3178 857 3227 ttecta
871 3171 923 3225 th
936 3190 971 3226 m.
985 3174 1098 3228 condere
1111 3180 1180 3228 tecto
1198 3191 1212 3226 r

195 3245 368 3297 reiteratione
385 3246 484 3298 reiecta
507 3260 558 3297 noe
582 3244 630 3313 (ad
653 3245 752 3299 reiecta
776 3242 810 3297 cf.
831 3244 893 3313 260)
916 3245 1064 3298 miserrimi
1081 3250 1169 3298 status
1187 3251 1212 3299 et

195 3314 238 3368 ed.
256 3315 260 3384 Ι
278 3315 421 3369 debitorem
435 3315 487 3368 LR
501 3316 590 3369 debito
608 3332 696 3385 repem
715 3314 757 3369 ed.
821 3320 837 3368 6
855 3316 967 3382 funesta
981 3314 1034 3368 th
1047 3332 1116 3384 qaae
1130 3316 1152 3381 f.
1167 3315 1209 3369 ed.

268 3387 460 3440 8mteromtis
477 3385 530 3438 LR
549 3393 592 3440 -m
610 3402 661 3439 noe
680 3387 886 3455 imterpositione
905 3386 947 3440 ed.
970 3388 1138 3455 {separatas
1154 3387 1213 3453 fait

194 3456 247 3508 LR
265 3464 410 3525 superatus
428 3464 488 3511 erat
505 3458 570 3511 edP
664 3463 697 3511 12
715 3459 782 3524 ferit
800 3458 843 3511 ed
936 3463 969 3511 15
987 3474 1094 3512 serrare
1113 3457 1157 3517 cd

197 3533 229 3580 16
245 3530 333 3596 primi
333 3536 377 3582 tos
389 3529 476 3594 feeerit
489 3530 567 3595 facta
580 3527 633 3581 th
642 3546 688 3597 pr.
702 3529 723 3595 f.
737 3530 812 3596 fruct
812 3548 831 3585 a
801 3527 892 3584 tlt
883 3544 949 3599 ipse
962 3529 1016 3584 uel
1028 3545 1047 3581 n
1064 3530 1121 3595 tec
1128 3526 1242 3585 ‘unam

195 3616 231 3652 an
248 3600 374 3667 prauitas
394 3616 447 3683 pro
460 3601 595 3669 primitus
618 3601 654 3658 cf.
674 3601 792 3659 deorum
810 3603 987 3675 pronitatem
1003 3618 1036 3654 x
1046 3603 1088 3652 ‘at
1129 3594 1262 3646 aduerso

187 3671 307 3734 Μαρία
323 3672 460 3726 eonrerrr'o
480 3672 522 3726 ed.
602 3680 638 3731 19
658 3678 880 3749 uituperatione
899 3674 952 3731 ed
