2734 4159
188 334 253 398 586
469 332 609 388 nouam
627 305 796 387 menaea.
815 332 924 388 vaae.

187 502 316 578 perium,
340 503 393 578 qui
416 501 499 576 deos,
523 503 576 577 qui
598 501 696 561 sidera
719 505 809 579 atque
832 503 966 563 homines
989 502 1078 577 pleno
1100 500 1208 579 guber·

188 584 274 650 naret
305 592 432 666 imperio
465 593 496 648 et
527 593 625 650 uetera
658 588 747 667 quae
766 591 903 668 intellegi
935 594 1073 667 possunt:
1111 591 1207 666 ipsius

188 684 290 739 tamen
317 680 442 738 fulmine
470 681 558 739 strati
586 683 656 739 sunt
684 700 773 756 quem
796 679 932 740 audendo
954 682 1206 756 contempserant.

134 770 258 828 tatami
280 773 318 828 a·
329 769 455 828 erudelis
477 769 595 828 dautur
612 768 768 829 Sabaeum
784 787 913 844 pomae:
935 770 992 829 hoe
1009 768 1106 828 adhue
1126 769 1208 827 elau·

188 877 253 917 sum
281 861 339 931 est,
367 876 426 915 non
454 860 581 933 apparet
603 860 656 917 aut
679 858 879 934 delinquentis
903 876 993 918 eausa
1016 861 1070 916 aut
1092 858 1208 933 speeies
1235 875 1247 918 a

188 947 340 1006 evidenter
367 964 505 1022 expressa
530 948 683 1023 supplicii,
711 948 905 1025 subiungitur
926 950 1027 1007 tamen
1049 948 1208 1022 utriusque
1282 946 1292 1044 i

187 1035 378 1113 signifieati03
415 1038 488 1094 tune
515 1038 595 1093 enim
623 1036 781 1095 cuiuslibet
808 1033 921 1112 poenae
949 1036 1030 1095 iusta
1054 1034 1209 1095 videbitur
1289 1049 1292 1116 ς

118 1134 126 1151 “
187 1127 364 1200 processisse
387 1126 545 1198 sententie,
564 1125 591 1184 si
613 1124 736 1184 admissi
759 1145 878 1202 quoque
902 1126 1033 1201 qualitas
1056 1124 1207 1201 supplicio
1290 1130 1292 1168 ἵ

188 1232 319 1290 congrua
342 1214 573 1273 demonstretur:
597 1215 667 1272 dum
690 1216 828 1287 flammas
849 1216 932 1274 louis
956 1219 982 1273 et
1002 1217 1117 1273 emaus
1138 1215 1207 1272 irai-

188 1306 268 1361 tatur
291 1302 415 1375 Olympi.
460 1303 523 1379 ipse
552 1322 669 1379 quoque
697 1305 730 1361 in
758 1322 792 1362 eo
820 1304 943 1363 erimine
971 1302 1123 1381 sacrilegii
1145 1302 1207 1360 fuit
1222 1322 1247 1363 ro

187 1393 219 1450 in
251 1410 310 1467 quo
338 1390 477 1466 Aloidae,
511 1393 564 1467 qui
590 1391 693 1450 Iovem
719 1411 812 1469 regno
840 1394 942 1451 eonati
969 1394 1039 1451 sunt
1070 1391 1207 1466 trudere3

187 1481 323 1540 imitatus
351 1480 431 1538 enim
457 1482 558 1539 fuerat
586 1480 761 1540 Salmoneus
790 1481 870 1557 qnod
899 1481 934 1539 de
963 1480 1037 1539 caeli
1067 1480 1207 1556 partibus

187 1569 321 1629 homines
348 1571 454 1643 terret,
481 1571 516 1628 ut
542 1570 606 1644 ipse
634 1572 736 1645 potius
763 1589 855 1645 quam
877 1569 1015 1646 Iuppiter
1039 1569 1205 1628 timeretur.

188 1662 221 1717 ut
248 1658 332 1717 fieret
359 1658 525 1718 evidentior
549 1658 668 1717 sceleris
692 1676 794 1732 eausa,
823 1658 933 1718 adiecit
956 1657 1104 1735 quomodo
1126 1660 1207 1718 toni·

186 1751 323 1806 truorum
336 1750 367 1806 et
379 1746 514 1805 fulminis
532 1748 613 1805 faeta
632 1750 673 1807 sit
690 1747 835 1807 imitatio:
858 1752 995 1820 quattuor
1012 1748 1058 1806 bie
1075 1750 1207 1807 imreetus
1222 1768 1249 1808 rs

188 1839 268 1909 equis
291 1840 318 1894 et
339 1836 480 1909 larupoda
502 1854 648 1910 quassares
665 1855 723 1910 per
748 1836 875 1896 Graium
892 1836 1020 1910 papates
1038 1837 1207 1911 mediaeque

182 1942 239 1999 per
261 1926 363 1984 Elidis
384 1926 486 1984 arbua
507 1927 570 1984 ibat
591 1942 683 1984 ouaus
706 1927 861 1998 diuumque
883 1927 939 1985 sibi
957 1927 1095 1999 poscebat
1116 1926 1206 1985 tau-

134 2019 257 2074 ttorem
284 2016 412 2082 demam,
440 2016 491 2087 qui
517 2016 631 2073 uimbes
658 2018 686 2073 et
710 2031 770 2072 mou
792 2015 932 2074 imitabile
953 2015 1066 2087 fulmeu
1089 2032 1158 2074 aere
1181 2017 1209 2074 et

187 2106 374 2178 cornipedum
396 2120 485 2161 mersu
509 2103 663 2162 simularet
690 2120 842 2176 equorum:
877 2102 1068 2177 imitabatur,
1095 2104 1206 2179 inquit,

186 2194 289 2252 Iovem
317 2196 346 2251 et
374 2211 404 2251 se
432 2192 480 2251 illi
508 2212 562 2267 per
592 2192 773 2251 dementiam
804 2192 957 2251 nitebatur
988 2211 1116 2267 aequare
1149 2212 1207 2269 pro
1222 2212 1249 2252 ro

187 2284 312 2341 fulmine
335 2283 505 2357 praeferens
528 2282 624 2340 facem
647 2285 677 2341 et
699 2283 775 2340 aeris
794 2282 895 2341 sonitu
914 2300 949 2340 aa
967 2282 1094 2357 strepitu
1113 2300 1207 2357 equo-

186 2392 253 2429 rum
281 2373 464 2431 eurrentium
491 2388 576 2430 saera
598 2371 732 2429 tonitrua
756 2371 907 2429 simulans,
954 2372 986 2429 at
1001 2374 1091 2443 pater
1113 2373 1208 2430 oraui·

181 2465 287 2532 pateas
309 2461 400 2518 drusa
423 2463 499 2518 iuter
518 2460 621 2519 aubi-la
640 2462 728 2518 telum
747 2462 891 2526 contorsit,
910 2476 970 2517 uou
987 2460 1036 2517 ille
1053 2462 1135 2533 faees
1153 2478 1208 2519 uee

186 2550 286 2620 fumea
309 2550 403 2607 taedis
425 2550 547 2617 lumina,
563 2551 810 2622 praeeipitemque
828 2551 943 2607 iumaai
962 2549 1076 2606 turbiue
1094 2550 1209 2622 adepit:

186 2637 322 2712 Iuppiter
344 2656 402 2695 non
428 2640 507 2696 faoes
531 2641 583 2696 aut
606 2638 751 2697 fumantis
778 2638 897 2711 taedas,
925 2655 1000 2712 quas
1029 2636 1207 2699 Salmoneus
1221 2656 1247 2697 u

186 2727 336 2800 portabat,
359 2727 410 2784 sed
434 2726 537 2784 divina
559 2729 591 2784 in
614 2729 714 2802 ipsum
737 2728 863 2785 eonieeit
885 2724 1023 2785 incendia
1045 2729 1077 2784 et
1102 2726 1208 2805 adegit

186 2814 393 2889 praeeipitem:
417 2815 549 2874 ostendit
571 2835 639 2873 eum
661 2817 694 2873 in
717 2814 836 2874 Tartari
860 2813 1050 2874 altitudinem
1071 2815 1205 2875 missum.

133 2907 248 2962 bttuee
273 2921 333 2961 aaa
356 2907 382 2960 et
406 2904 511 2978 Tityon
536 2904 645 2962 Terrae
671 2906 880 2976 ‹ramipareutis
908 2905 1061 2963 eumaem
1089 2922 1207 2963 eeruere

187 2997 258 3060 erat,
275 3010 332 3063 per
355 2996 413 3049 tota
435 3010 537 3050 aoaem
558 2995 606 3051 eui
628 2994 731 3066 lupera
754 3010 858 3066 eorpus
871 2995 1037 3066 porripitur
1055 2996 1206 3067 rostroque

186 3083 318 3140 iumauis
340 3082 440 3139 uultur
462 3082 571 3139 abuueo
593 3082 747 3139 inmortale
769 3084 850 3141 ieeur
874 3083 994 3141 taudem
1021 3084 1206 3156 fecundaque
1219 3100 1247 3141 ao

134 3174 186 3223 600
192 3172 297 3244 poeuis
316 3172 427 3228 uiscera
446 3171 627 3242 rimaturque
641 3170 735 3243 epulis
750 3171 917 3245 habitatque
934 3172 988 3231 sub
1007 3172 1065 3230 alto
1078 3176 1204 3245 pectore,

186 3277 238 3318 aee
264 3260 348 3331 fibris
375 3260 488 3330 requies
517 3260 607 3316 datur
635 3259 699 3317 ulla
726 3262 843 3317 renatis.
890 3263 1086 3336 monoptoton
1114 3259 1204 3321 deeli-

187 3350 277 3406 natur
304 3346 427 3406 dicendo
456 3348 580 3424 Tityon,
608 3350 739 3406 aeterum
761 3349 921 3424 Tityonem
949 3349 1073 3422 diceret,
1101 3349 1205 3425 siper

259 3506 274 3552 3
298 3500 437 3554 audiendo
455 3498 481 3552 V
504 3516 573 3553 corr.
593 3499 636 3552 ed.
729 3505 744 3552 6
763 3505 908 3569 utrumque
926 3499 951 3552 V
970 3507 1086 3568 utraque
1105 3499 1148 3554 ed.

188 3579 220 3626 11
240 3573 349 3626 aolidae
367 3571 399 3624 V.
467 3577 498 3624 12
517 3572 642 3625 salmona
661 3572 720 3624 eius
737 3570 770 3624 V.
832 3577 865 3623 14
884 3572 1070 3625 tonitruorum
1088 3570 1114 3624 V
1132 3572 1203 3625 toui-

182 3651 247 3700 true
269 3644 311 3698 ed.
405 3648 436 3695 19
460 3660 543 3697 eursu
565 3641 591 3695 V
615 3641 762 3695 confirmat
785 3644 952 3695 emreatium
979 3643 1008 3694 in
1032 3642 1148 3711 interpr.

173 3722 212 3771 30
226 3718 350 3774 tundens
365 3714 534 3785 Vetusta.
591 3719 624 3767 32
639 3718 813 3781 uroraotoptou
827 3712 859 3766 V.
917 3717 950 3765 38
964 3718 1080 3766 ceterum
1094 3730 1148 3767 om.
1159 3712 1203 3767 ed.
