2734 4159
217 324 285 391 550
498 320 639 377 DONATI
655 321 826 377 INTERPR.
845 321 954 377 vulta.

217 498 341 554 tuorum
363 511 511 570 separare,
535 491 608 550 dioit
632 510 702 568 ergo
727 510 853 566 quorum
875 490 940 550 illio
963 493 1082 552 animae
1100 492 1135 551 in
1153 512 1241 570 prae-

218 585 297 643 senti
313 582 504 655 haberentur,
527 582 666 655 matrum,
690 583 725 639 ut
743 580 882 656 diximus,
900 582 929 639 et
947 582 1090 656 virorum,
1113 602 1240 660 magna·

217 666 369 731 nimorum
399 672 536 744 heroum,
568 689 745 746 puerorum,
776 670 930 747 virginum
961 672 992 728 et
1024 689 1130 729 eorum
1164 690 1238 747 quos

218 761 358 820 viderunt
389 762 528 837 parentes
564 759 646 837 rogis
682 760 796 834 inponi.
850 760 978 819 istorum
1008 762 1138 819 mortem
1170 779 1239 819 eum

217 851 410 910 miseratione
432 850 521 925 poeta
544 850 765 907 commemorat.
811 866 903 924 quam
925 847 1032 907 durum
1056 848 1170 925 quippe
1194 852 1269 914 esta

217 941 339 999 iuvenes
362 940 452 1013 mori,
476 937 529 1012 qui
551 937 608 997 sibi
631 936 730 995 adhue
753 939 783 995 et
806 938 869 997 suis
897 937 927 995 et
954 937 1072 1019 patriae
1094 938 1238 1014 prodesse

218 1028 380 1089 commodis
402 1026 585 1103 potuissent!
622 1024 689 1101 rapi
717 1044 824 1102 pueros
854 1027 884 1084 et
906 1027 1038 1103 virgines
1065 1027 1237 1088 inmaturae

217 1120 323 1178 mortis
346 1117 531 1189 interventu,
562 1133 635 1191 quos
658 1116 691 1171 in
714 1133 797 1191 spem
819 1114 1006 1191 posteritatis
1030 1117 1146 1175 servari
1170 1134 1238 1175 eon·

218 1209 341 1267 venerat
364 1208 449 1265 etin
477 1206 600 1282 longum
626 1207 745 1280 tempus
774 1202 948 1280 seniumque
975 1204 1112 1281 perduoi!
1146 1224 1239 1282 quam

217 1296 369 1356 funestum
395 1295 534 1369 parentes
565 1291 721 1351 funeribus
751 1294 895 1352 iuteresse
925 1293 1102 1367 liberorum,
1132 1311 1239 1354 aurare
1253 1319 1277 1360 ιο

217 1387 282 1444 tam
304 1383 396 1442 duras
419 1382 559 1458 exequias
582 1384 612 1441 et
635 1381 767 1442 ardentis
791 1383 937 1458 aspicere!
964 1401 1033 1442 eum
1051 1382 1170 1444 animas
1189 1384 1240 1443 de·

218 1473 360 1533 seriberet
383 1472 511 1531 volentis
533 1470 659 1530 fluvium
681 1472 819 1545 transire,
842 1469 985 1531 discrevit
1007 1490 1103 1551 sexus,
1126 1471 1241 1533 disere-

201 1564 263 1622 'vit
286 1564 413 1634 aetates,
441 1562 559 1620 constat
581 1561 661 1618 enim
684 1560 822 1619 omnibus
848 1561 897 1618 his
919 1563 1046 1621 mortem
1070 1580 1134 1620 esse
1159 1581 1241 1621 eom-

217 1670 338 1710 munem
355 1668 410 1710 nee
427 1649 575 1709 moriendi
593 1666 656 1708 esse
675 1648 818 1724 ordinem,
837 1649 888 1707 sed
907 1651 1028 1709 confuse
1048 1669 1083 1709 ex
1098 1651 1241 1713 omnibus

218 1740 367 1799 aetatibus
390 1741 475 1799 mori.
521 1738 618 1797 mittit
641 1738 878 1813 similitudinem,
901 1741 936 1798 ut
958 1738 1098 1798 ostendat
1122 1744 1241 1815 quanta
1255 1764 1278 1806 a

217 1830 272 1889 illa
303 1830 394 1888 fuerit
425 1828 515 1887 turba
546 1827 595 1886 vel
632 1826 780 1902 quomodo
817 1830 943 1887 mortem
975 1829 1092 1888 obierit.
1149 1848 1242 1905 qnam

165 1920 320 1979 elomntta
342 1921 376 1979 in
397 1920 481 1977 silon
503 1919 639 1977 autumni
660 1918 771 1991 tripore
788 1918 888 1990 primo
911 1918 998 1991 lapsa
1026 1918 1138 1977 eadnnt
1164 1920 1242 1992 folia

218 2014 271 2069 nat
292 2009 334 2069 ad
355 2013 465 2067 terrarn
489 2008 604 2081 perpite
630 2006 668 2065 ab
697 2006 755 2064 atta
783 2022 871 2078 quarn
899 2007 1008 2066 rnnitne
1034 2006 1241 2080 remeantur

218 2117 299 2167 aves,
326 2099 379 2157 abi
400 2098 529 2172 fripidrre
551 2112 650 2154 annas
673 2099 757 2154 trane
775 2098 900 2168 pantana
921 2097 1008 2169 fnpat
1035 2099 1171 2156 etterrie
1194 2098 1240 2157 in·

217 2190 304 2247 mittit
325 2188 449 2259 apricis:
475 2189 539 2244 tam
561 2184 687 2259 multae,
712 2184 768 2257 ait,
791 2184 1015 2261 multorumque
1044 2186 1163 2245 animae
1188 2206 1238 2246 vo·
1251 2209 1272 2251 u

217 2277 313 2335 lentes
340 2274 465 2334 fluvium
491 2276 619 2333 transire
647 2273 861 2347 confluxerant,
892 2276 928 2331 ut
955 2274 1053 2333 solent
1079 2275 1239 2335 innumera

217 2366 292 2425 folia
316 2363 451 2422 excidere
475 2364 639 2437 arboribus,
662 2381 730 2421 eum
753 2362 799 2420 his
824 2361 895 2420 anni
913 2366 1030 2438 tempus
1054 2366 1238 2439 supervenit,

218 2457 272 2513 aut
301 2455 335 2511 ut
362 2456 432 2511 sunt
459 2471 529 2512 aves
559 2471 635 2527 quae
664 2454 834 2529 eongestae,
868 2470 935 2510 oum
966 2452 1062 2528 frigus
1097 2453 1238 2531 ingruere

218 2544 361 2618 eoeperit,
392 2542 575 2617 adunantur,
606 2544 642 2599 ut
673 2541 849 2600 transmisso
876 2541 954 2599 mari
982 2560 1017 2599 ea
1040 2545 1147 2616 petant
1171 2542 1239 2603 loca

219 2630 328 2707 quibus
346 2631 469 2707 pruinas
489 2630 640 2708 effugiant.
673 2631 792 2689 stabant
804 2633 920 2689 orantes
928 2632 1022 2704 primi
1040 2634 1239 2692 transmittere
1252 2655 1274 2697 a

218 2738 337 2780 enrsnrn
351 2720 559 2794 tendebantque
572 2736 679 2778 manne
693 2721 777 2794 ripae
795 2718 943 2779 ulterioris
957 2736 1071 2779 amore:
1093 2725 1239 2796 rogantes

219 2812 250 2868 et
272 2809 393 2867 stabant
415 2811 514 2868 totum
537 2808 575 2866 ad
599 2807 776 2882 obsequium
798 2809 967 2884 supplicum
987 2808 1125 2884 pertinet.
1165 2810 1240 2869 dioit

219 2916 341 2957 oausam
364 2896 463 2957 standi
486 2900 517 2956 et
540 2895 680 2974 rogandi,
703 2900 739 2955 ut
762 2899 924 2973 unicuique
952 2897 1067 2973 primus
1090 2900 1240 2958 transitus

218 2988 397 3064 proveniret,
421 2989 523 3045 tantus
548 2985 657 3043 amoris
677 2983 812 3046 adfectus
831 2989 971 3046 tenuerat
988 2988 1085 3045 omnis
1104 2990 1240 3047 tantum-

164 3081 286 3151 aloque
308 3077 460 3135 ulterioris
482 3075 566 3151 ripae
590 3072 770 3133 desiderium
792 3075 905 3134 habuit.
946 3077 1049 3136 nauita
1067 3077 1118 3135 sed
1136 3080 1276 3147 tristiam

218 3167 274 3226 hoe
298 3168 343 3224 est
367 3164 485 3223 Charon
503 3183 620 3239 semper
643 3163 724 3221 dirus
748 3167 778 3222 et
801 3164 940 3223 adfabilis
964 3184 1135 3241 numquam,
1159 3186 1241 3228 nane

218 3256 270 3315 nas
291 3273 371 3314 nane
393 3255 499 3326 arripit
519 3253 602 3323 ilina·
629 3271 689 3310 non
712 3254 792 3311 enim
815 3257 934 3329 poterat
957 3254 1097 3313 navieula
1119 3274 1240 3331 permo-

218 3343 286 3403 diea
310 3345 400 3402 semel
424 3343 520 3401 omnis
544 3342 686 3417 accipere.
733 3347 780 3401 aet
797 3343 871 3401 aiios
889 3344 971 3417 torrpe
993 3344 1141 3402 suamne
1159 3351 1242 3406 arcet

291 3500 325 3548 24
344 3495 428 3549 atmie
449 3510 526 3548 eona
547 3500 573 3547 et
592 3498 690 3561 petant
707 3493 733 3547 V
755 3501 787 3549 nt
809 3496 907 3565 aprica
924 3502 1050 3563 repeteret
1067 3496 1123 3550 ΗΟ
1144 3497 1188 3551 ed.
1209 3505 1241 3553 at

218 3568 379 3622 tranantur
397 3567 471 3622 orari
488 3583 521 3621 ea
536 3569 634 3633 petant
651 3580 710 3619 noa.
779 3571 812 3621 27
828 3567 949 3636 pertinet
966 3584 1019 3620 om.
1035 3567 1078 3620 ed.
1147 3574 1181 3621 30
1201 3577 1242 3625 aet

208 3636 426 3766 Xmfflitgiieed).
517 3642 549 3690 31
570 3638 619 3690 boe
637 3641 762 3690 eet—32
781 3638 844 3693 ittae
862 3654 916 3692 om.
932 3637 975 3691 ed.
1062 3642 1096 3691 33
1115 3640 1241 3695 eentetV
