2734 4159
579 320 763 376 AENEIDOS
783 321 808 375 V
1143 321 1210 387 443

185 492 330 564 priorem:
362 490 493 566 priorem
516 491 615 549 locum
641 494 743 549 tenere
771 490 957 563 nitebantur,
985 490 1036 549 sed
1063 492 1143 549 inter
1169 509 1209 549 se.

189 599 261 657 ergo
289 581 420 655 priorem
445 581 544 638 locum
567 582 647 638 inter
669 580 743 638 duos
766 580 946 655 posteriores
970 579 1109 639 debemus
1133 580 1209 639 acci·

190 688 268 743 pere,
289 668 429 743 quoniam
452 668 628 744 inpossibile
651 668 810 727 videbatur
831 673 866 727 ut
888 669 996 727 tertius
1015 669 1063 727 vel
1082 671 1209 744 quartus

190 757 358 816 excluderet
385 757 529 834 primum,
554 768 645 834 'quem
673 756 821 816 secundus
847 759 976 817 transire
999 776 1058 817 non
1081 760 1208 832 poterat.

163 868 175 906 a
191 846 306 905 interea
324 865 392 905 casu
413 849 527 905 factum
550 850 594 906 est
617 849 651 904 ut
673 845 846 920 Cloanthus,
866 846 918 923 qui
937 846 1081 905 secundus
1100 848 1209 922 fuerat,

189 936 274 994 fieret
300 935 414 1011 primus
442 936 498 995 hoc
526 936 628 994 modo:
661 954 732 994 nam
756 934 851 1011 Gyas,
880 937 933 1011 qui
955 937 1053 1011 prima
1076 936 1143 994 loca
1166 938 1209 994 te-

189 1027 309 1099 nuerat,
333 1025 478 1084 Menoetis
502 1026 644 1101 inperitia
667 1024 808 1099 deeeptus
831 1027 885 1084 ost.
932 1043 999 1083 cum
1027 1026 1107 1084 enim
1129 1023 1209 1083 idem

191 1112 271 1188 Gyas
290 1114 385 1172 eidem
404 1114 534 1173 Menoeti
553 1114 677 1173 dixisset
700 1132 756 1186 qno
780 1118 893 1172 tanturn
916 1114 1209 1174 mactatores?

189 1204 245 1260 bne
268 1204 360 1275 diripe
384 1221 512 1270 sarsana,
532 1205 601 1261 litas
624 1221 703 1270 arna,
726 1203 783 1262 hoo
807 1205 851 1262 est
874 1202 964 1261 finem
987 1205 1060 1277 saxi,
1079 1208 1106 1262 et
1124 1204 1209 1261 laeva

148 1314 175 1352 ιο
189 1293 315 1365 strtnpat
336 1294 400 1350 sine
417 1292 555 1364 palmula
579 1297 684 1359 cantes,
709 1293 802 1351 altana
825 1293 879 1350 atti
902 1296 1029 1359 teneant,
1054 1292 1105 1351 ille
1127 1299 1262 1352 1010164

189 1383 324 1439 metuens
343 1400 414 1439 saxa
433 1381 560 1440 latentia
578 1400 684 1440 navem
704 1382 736 1438 iu
755 1381 851 1439 altum
870 1382 1016 1456 torsisset,
1036 1380 1208 1456 Cloanthus,

190 1471 243 1544 qui
270 1467 353 1545 Gyae
382 1471 535 1545 proximus
567 1472 640 1543 fuit,
674 1472 794 1545 arrepta
827 1471 918 1545 spatii
951 1470 1105 1530 occasione
1136 1472 1209 1529 fecit

190 1559 269 1634 quod
292 1559 443 1618 Menoetes
471 1559 587 1618 timuit:
619 1578 690 1618 nam
712 1559 791 1618 inter
814 1577 918 1618 saxum
942 1562 973 1618 et
995 1578 1103 1617 navem
1126 1558 1208 1635 Gyae

190 1652 292 1707 teneas
315 1649 401 1707 laeva
425 1644 483 1706 iter
505 1650 589 1722 rasit,
613 1648 668 1708 hoc
691 1651 736 1707 est
753 1651 865 1707 temere
884 1649 970 1706 iuxta
987 1667 1060 1708 saxa
1077 1651 1208 1708 transitu

149 1758 176 1797 rs
191 1738 289 1796 subito
317 1738 474 1812 praeteriit
500 1757 569 1796 eum
598 1737 648 1813 qui
676 1738 768 1812 primi
794 1737 854 1796 loci
881 1738 1068 1814 gloriabatur
1091 1740 1208 1813 eventu,

190 1831 215 1884 et
242 1830 325 1885 netis
352 1831 426 1885 tenet
452 1845 581 1899 aequora
608 1831 672 1885 tuta
703 1828 826 1885 relictis:
861 1826 927 1886 ideo
961 1845 1092 1901 aequora
1123 1829 1198 1902 tuta,
1210 1833 1262 1881 111

191 1917 261 1989 quia
290 1916 320 1973 in
347 1918 434 1973 metis
463 1918 528 1974 saxi
554 1916 723 1992 periculum
749 1917 822 1988 fuit,
850 1915 930 1991 quod
957 1918 1100 1975 evaserat.
1146 1920 1208 1974 tarn

189 2021 255 2062 rere
276 2007 385 2063 exarsit
402 2007 501 2063 tarent
519 2007 601 2064 dolor
620 2006 734 2064 osstbns
750 2008 853 2077 inpone
871 2022 923 2063 nee
940 2005 1072 2064 tacrtrnts
1088 2022 1208 2064 caruere

187 2112 286 2167 aenae.
334 2114 400 2151 oum
428 2095 565 2153 fortunae
594 2094 736 2171 suffragio
765 2093 906 2169 adeptum
935 2095 1033 2153 locum
1061 2094 1135 2153 vitio
1163 2095 1207 2151 in-

145 2202 175 2242 10
190 2183 281 2257 periti
308 2184 436 2241 hominis
464 2182 655 2257 perdidisset,
683 2185 749 2241 tum
776 2202 847 2241 vero
871 2184 995 2256 exarsit,
1023 2185 1087 2240 tum
1111 2184 1207 2261 magis

190 2272 308 2345 exarsit,
331 2274 363 2328 in
386 2275 505 2329 tantum
528 2276 562 2329 ut
586 2272 671 2331 dolor
694 2272 781 2330 illurn
798 2271 985 2347 perduxisset
1004 2271 1042 2332 ad
1060 2272 1207 2331 lacrimas

189 2379 358 2433 sennenque
376 2362 529 2418 Menoeten
547 2362 653 2419 oblitas
671 2363 838 2433 decorisque
855 2363 903 2419 snt
921 2363 1086 2433 sectamque
1103 2361 1208 2420 salutis

188 2452 221 2505 in
243 2466 325 2506 mare
343 2451 535 2522 praecipitem
552 2453 650 2524 pappi
673 2451 809 2509 deturhat
830 2451 868 2509 ab
891 2451 967 2509 atta:
998 2469 1067 2523 non,
1090 2450 1270 2525 inquit,1‘1‚o¹

188 2538 295 2596 habuit
322 2541 391 2596 ante
420 2539 520 2597 oeulos
548 2557 616 2598 suos
644 2540 803 2598 honestum
830 2541 885 2597 aut
911 2539 1000 2613 utile,
1030 2557 1097 2597 curn
1121 2556 1207 2599 omne

145 2648 174 2687 aa
189 2628 346 2685 eonsilium
370 2627 455 2687 dolor
476 2630 541 2704 ipse
564 2628 723 2701 turbasset,
742 2627 793 2686 sed
817 2626 928 2686 oblitus
951 2629 1117 2687 honestatis
1137 2648 1206 2688 suae

191 2720 221 2773 et
244 2717 350 2775 salutis
374 2718 522 2775 sociorum
539 2720 694 2791 rectorem,
714 2719 766 2792 qui
785 2717 936 2776 dedecoris
956 2717 1075 2793 culpam
1094 2717 1207 2793 primus

188 2806 371 2882 neglegendo
399 2808 602 2879 contraxerat,
629 2806 826 2881 praecipitem
849 2805 933 2865 dedit
953 2808 986 2865 in
1009 2826 1100 2865 mare.
1145 2808 1208 2879 ipse

186 2895 361 2967 prebendato
389 2899 481 2953 rector
507 2896 597 2963 satit,
622 2897 685 2967 ipse
707 2896 859 2969 maptster:
890 2897 922 2952 in
945 2894 1075 2954 officium
1099 2896 1207 2954 deiecti

187 2986 251 3059 ipse
276 2984 432 3042 succedens
455 2984 536 3041 idem
558 2986 656 3043 rector
679 2985 710 3042 et
732 2984 876 3062 magister
899 2984 1019 3043 effectus
1044 2986 1096 3043 est.
1142 2986 1207 3042 nar-

141 3094 173 3133 so
189 3078 324 3146 tatnrqne
350 3076 430 3131 rr'ros
458 3074 628 3146 claramque
655 3075 696 3132 ad
724 3074 811 3133 tttora
834 3077 957 3145 torquet:
988 3074 1077 3132 torsit
1100 3092 1207 3131 navem

260 3285 275 3330 3
295 3280 459 3331 vr'clebantnr
477 3278 530 3331 La
549 3295 617 3332 corr.
632 3296 654 3332 r.
715 3283 730 3331 9
751 3280 842 3333 laevas
861 3278 904 3332 ed.
964 3284 996 3331 10
1016 3284 1126 3331 teneant
1142 3276 1207 3330 finis

187 3350 329 3403 lemmatis
348 3350 378 3402 in
394 3349 445 3401 LR
464 3350 581 3405 dinit—
589 3351 723 3419 praeterit
741 3367 765 3402 v.
777 3355 827 3402 171
849 3350 913 3403 add.
929 3349 981 3415 ed,
1001 3349 1050 3402 sed
1069 3348 1141 3401 nihil
1160 3364 1207 3402 ox-

187 3421 290 3475 cidissc
319 3424 477 3476 structurae
509 3425 590 3476 tenor
618 3422 701 3475 docet
728 3438 837 3475 00111-
852 3422 966 3475 dixisset
981 3452 1014 3460 —
1030 3422 1075 3487 tlte
1098 3436 1159 3474 aero
1173 3452 1206 3459 —

187 3495 314 3556 torsisset,
338 3509 423 3559 quam
442 3511 503 3546 cnm
522 3496 587 3562 post
606 3494 721 3547 latentia
740 3492 907 3560 interposito
929 3495 997 3545 mut.
1018 3492 1074 3544 ed:
1103 3491 1207 3544 lemma

186 3582 251 3617 cum
270 3564 386 3631 interpr.
406 3564 476 3616 Don.
497 3565 648 3617 contexuit.
713 3569 746 3616 12
765 3565 871 3629 fecisset
889 3564 941 3616 th
958 3565 1024 3630 feeit
1042 3579 1111 3616 corr.
1127 3562 1169 3615 ed.

186 3641 222 3689 14
241 3636 376 3689 transitus
390 3635 442 3687 LR
461 3638 598 3690 transiens
615 3636 657 3689 ed¹
717 3640 750 3688 20
770 3652 831 3689 enne
845 3637 935 3706 ncaqis
947 3635 1006 3687 na
1015 3641 1082 3687 tam
1094 3648 1163 3682 aar
1176 3630 1229 3676 eu.

242 3711 275 3758 28
293 3707 509 3775 paternaeloqne
527 3707 553 3760 a
571 3725 622 3777 qne
641 3706 699 3761 dcl.
712 3725 735 3761 1.
