2734 4159
569 345 775 400 PRAEFATIO
1117 346 1182 401 XIII

162 513 297 573 locutum
320 510 400 574 esse“
424 517 462 591 et,
485 533 553 574 oum
576 532 607 573 se
630 534 665 573 ex
689 515 890 591 compluribus
913 515 967 574 illa
986 515 1180 575 collecturum

163 603 253 678 dicat,
276 603 377 678 „istud
399 602 606 679 compendium
630 607 838 679 excerpturum
861 602 980 676 fuisse“‚
1002 604 1038 664 de
1058 623 1116 680 quo
1135 606 1179 664 fa·
1212 653 1215 658 ,

162 691 297 767 bulatur,
325 692 434 769 „idque
461 692 566 767 etiam,
594 694 621 751 si
647 712 701 768 per
728 711 760 753 se
788 705 915 770 spectes,
938 694 1057 753 Donato
1083 696 1179 773 magis

163 780 362 841 convenisse“.
407 799 478 839 nam
502 781 582 858 quod
605 786 636 841 et
658 782 714 841 hoc
736 783 850 859 epilogi
872 782 937 842 loco
961 786 991 842 et
1017 787 1045 857 7,
1060 784 1123 842 646
1148 802 1179 843 se

162 888 231 929 oum
249 871 285 929 de
305 871 373 930 aliis
390 871 479 930 rebus
498 874 563 929 tum
581 871 618 930 de
635 871 796 930 herbarum
814 871 983 931 nominibus
1001 874 1034 930 in
1047 872 1179 931 Aeneide

163 960 266 1020 addito
288 962 379 1019 tertio
398 959 513 1019 decimo
531 960 608 1019 libro
628 962 811 1036 scripturum
829 978 892 1019 esse
911 960 1000 1035 dicat
1018 961 1179 1021 herbarum

163 1052 264 1107 autem
291 1050 413 1109 nomina
439 1051 472 1106 in
498 1048 552 1107 illo
581 1050 720 1126 catalogo
744 1051 866 1125 septimi
887 1049 959 1108 libri
981 1051 1111 1126 „frustra
1133 1070 1178 1109 re-

162 1136 282 1213 quiras“
305 1156 359 1197 nec
381 1140 448 1196 tota
465 1137 597 1197 Aeneide
619 1140 716 1197 multa
738 1138 897 1197 herbarum
916 1138 1051 1214 exempla
1069 1141 1179 1213 extent,

162 1228 204 1285 sic
227 1227 263 1285 de
286 1227 342 1286 hac
364 1247 397 1285 re
420 1228 611 1286 statuendum
630 1228 674 1287 ait
692 1227 841 1303 Hoppius,
858 1230 893 1286 ut
912 1228 1047 1287 Donatus
1067 1227 1178 1287 librum

162 1316 292 1392 aliquem
320 1318 373 1391 qui
395 1335 460 1390 „res
487 1335 548 1374 non
574 1318 670 1377 solum
696 1320 728 1376 iu
750 1317 883 1376 Aeneide
905 1335 1009 1375 verum
1032 1317 1124 1376 etiam
1145 1319 1178 1375 in

162 1405 311 1465 Bucolicis
339 1407 370 1463 et
397 1404 550 1483 Georgicis
577 1404 742 1466 mactatas‘
769 1404 939 1483 complexus
967 1407 1020 1479 sit,
1043 1425 1116 1481 uon,
1143 1410 1178 1465 ut

160 1494 223 1570 ipse
256 1494 400 1569 affirmet,
432 1498 567 1553 veterum
598 1496 827 1555 commentarios
859 1498 1049 1571 excerptums
1085 1496 1177 1555 fuisse

160 1583 306 1643 videatur.
352 1586 385 1642 at
412 1585 470 1643 duo
498 1589 569 1644 sunt
595 1587 628 1643 in
655 1585 793 1663 catologo
826 1583 895 1642 libri
926 1586 1047 1660 septimi
1073 1602 1177 1643 versus

164 1674 225 1731 758
255 1676 285 1733 et
314 1676 377 1733 769
406 1672 438 1730 in
466 1673 574 1748 quibus
600 1674 760 1733 herbarum
788 1692 805 1732 u
829 1672 964 1751 Vergilio
991 1675 1037 1733 ita
1063 1676 1176 1732 mentio

159 1761 207 1836 fit,
235 1765 270 1820 ut
292 1762 439 1821 eruditior
461 1763 497 1821 de
519 1764 558 1821 iis
581 1763 747 1839 disputatio
775 1764 908 1838 potuerit
934 1764 1067 1838 institui,
1094 1763 1176 1838 iique

160 1851 326 1925 sufficiunt,
352 1855 388 1909 nt
409 1851 547 1911 Donatus
574 1853 704 1912 oratorie
732 1852 872 1911 videlicet
898 1851 930 1909 id
959 1852 1039 1927 quod
1063 1852 1177 1911 dictum

153 1943 205 2000 est
228 1941 352 2017 „plenus
375 1959 410 1999 ac
431 1939 579 2000 refertus“
602 1942 750 2018 posuerit3
781 1960 852 2004 nam
873 1943 1082 2001 uomentium
1111 1941 1176 2015 qui·

160 2029 226 2088 dem
249 2033 280 2088 et
301 2030 441 2104 fontium,
464 2032 491 2089 si
514 2030 692 2107 singillatim
716 2031 855 2107 accipias,
878 2030 1033 2109 catalogus
1052 2028 1175 2106 „plenus

160 2137 195 2177 ao
212 2118 359 2178 refertus“
378 2123 432 2193 est,
450 2119 502 2179 sed
522 2120 704 2179 coniunctim
721 2121 778 2179 hoc
796 2120 832 2179 de
850 2119 987 2179 omnibus
1005 2119 1067 2179 iIIIs
1087 2119 1176 2178 rebus

159 2208 401 2285 intellegendum
446 2210 480 2267 in
507 2208 615 2268 decimi
642 2212 744 2268 autem
770 2209 841 2267 libri
869 2209 1007 2286 catalogo
1035 2208 1111 2267 nihil
1140 2208 1175 2266 de

159 2297 257 2356 herbis
280 2298 354 2355 dicit
376 2318 403 2356 v.
425 2299 498 2371 187,
522 2300 663 2372 quoniam
686 2299 786 2357 nullae
810 2317 828 2356 a
851 2301 941 2373 poeta
963 2300 1174 2356 memorantur.

158 2389 278 2445 tenetur
300 2406 370 2465 ergo
393 2406 453 2445 uon
476 2387 612 2446 Donatus
635 2388 781 2447 vanitatIs
804 2388 940 2460 crimine,
964 2387 1014 2446 sed
1038 2387 1175 2464 Hoppius

159 2476 345 2534 temeritatis
382 2476 456 2535 haec
478 2495 539 2535 non
561 2477 690 2550 brevius,
708 2480 743 2535 ut
765 2476 895 2551 mallem,
915 2495 1060 2553 exponere
1078 2478 1175 2552 potui,

159 2566 230 2639 quia
256 2564 395 2640 Hoppius
422 2565 492 2624 bino
519 2568 608 2641 quasi
633 2585 665 2624 re
693 2565 768 2623 bene
795 2567 880 2643 gesta
908 2565 946 2624 ad
972 2566 1059 2624 illam
1085 2584 1174 2641 quae·

158 2655 285 2712 stionem
309 2654 481 2713 solvendam
504 2654 620 2714 accedit
643 2673 719 2729 qnae
743 2656 789 2714 est
810 2655 846 2713 de
869 2657 986 2713 ratione
1009 2656 1088 2714 inter
1108 2653 1173 2712 Ser-

158 2742 240 2800 vium
272 2746 303 2802 et
331 2742 481 2802 Donatum
515 2744 725 2803 intercedente.
777 2744 815 2804 iis
847 2744 927 2802 enim
958 2744 1032 2803 locis
1064 2743 1174 2820 quibus

151 2828 293 2891 Donatus
311 2832 361 2890 vel
379 2832 415 2890 de
433 2833 623 2907 „multorum
643 2831 846 2908 quorundam“
866 2836 919 2891 etc.
935 2832 1090 2891 sententiIs
1110 2833 1174 2910 agit

157 2920 205 2978 vel
227 2921 427 2981 locutionibus
452 2921 581 2996 „dicunt
601 2921 714 2980 fertur“
734 2926 788 2982 etc.
811 2923 908 2981 utitur
930 2922 1119 2997 perlustratis
1143 2924 1173 2980 et

158 3009 280 3069 calcuh's
303 3010 469 3069 Burckasio
491 3012 602 3071 rectius
626 3012 779 3070 subductis
801 3013 834 3069 in
856 3011 934 3070 hanc
951 3013 1101 3087 postremo
1120 3030 1172 3070 vo·

157 3116 221 3156 cem
243 3101 385 3175 erumpIt:
408 3101 559 3175 „locorum
582 3101 635 3176 qui
658 3100 697 3159 ad
719 3102 816 3160 solum
835 3099 973 3159 Seruium
994 3101 1100 3159 referri
1122 3119 1173 3158 ne-

158 3197 271 3262 queunt
293 3208 432 3247 numerus
456 3207 523 3248 cum
542 3190 582 3248 sit
605 3185 679 3265 (illis
699 3192 752 3266 qui
770 3189 808 3248 ad
827 3208 895 3249 eum
913 3192 1038 3265 possunt
1053 3181 1171 3270 referri)

156 3277 249 3352 triplo
272 3278 334 3337 fere
356 3279 460 3352 maior,
480 3282 547 3337 acta
569 3296 617 3337 res
640 3282 695 3352 est,
713 3279 738 3339 si
757 3278 846 3338 modo
865 3279 1001 3355 pluribus
1019 3278 1173 3337 Donutum

156 3384 243 3424 usum
270 3385 330 3425 non
358 3386 420 3426 esse
448 3367 620 3427 auctoribus
646 3371 733 3428 recte
759 3366 879 3427 statui“.
925 3370 1002 3441 esto,
1031 3368 1057 3426 si
1083 3370 1172 3426 recte.

158 3457 190 3513 at
213 3456 247 3529 si,
269 3460 305 3515 ut
327 3458 391 3531 ipse
414 3459 446 3514 in
469 3457 621 3532 prooemio
646 3461 676 3516 et
698 3459 731 3515 iu
754 3458 872 3535 epilogo
896 3457 1054 3535 significat,
1077 3456 1171 3532 pluri·

157 3542 211 3603 bus
243 3563 313 3604 usus
346 3549 404 3619 est,
435 3548 535 3621 potuit
567 3547 658 3605 etiam
687 3545 790 3606 Servio
822 3547 870 3605 uti
900 3546 990 3621 idque
1018 3564 1077 3604 uno
1106 3546 1171 3606 loco

159 3634 190 3707 2,
215 3636 294 3707 341,
332 3654 420 3709 quem
451 3638 482 3693 et
513 3635 695 3697 Burckasius
728 3639 758 3696 et
789 3635 934 3715 Hoppius
961 3635 1189 3713 praetermisit„

152 3721 306 3778 admodum
339 3723 461 3784 evidens
494 3729 548 3787 est.
595 3728 642 3791 ibi
675 3731 761 3794 enim
789 3730 921 3793 Seruius
947 3728 1032 3788 baeu
1058 3722 1213 3781 annosas·-
