2734 4159
544 304 728 360 AENEIDOS
747 305 785 359 IV
991 323 1000 341 ·
1110 300 1176 371 369

154 477 297 553 denique·
314 476 346 534 in
374 494 408 536 eo
436 478 502 551 ipso
530 475 626 534 veluti
652 473 794 534 beneficio
822 474 924 534 obesse
952 476 1050 534 voluit
1075 478 1177 551 potius
1274 548 1282 555 ,

156 585 253 642 quam
274 565 421 641 prodesse.
460 567 586 624 noverat
603 565 685 623 enim
703 562 777 639 quid
795 563 914 623 Aeneae
933 564 1099 638 deberetur,
1118 580 1177 641 quo

155 654 255 733 magis
273 654 427 713 nitebatur
444 657 487 728 ut,
507 656 533 712 si
551 653 616 712 fieri
633 654 790 730 potuisset,
808 656 942 729 potestas
961 656 1067 727 omnis,
1086 674 1178 730 quam

156 745 225 803 fata
242 742 351 802 Italiae
372 743 572 817 decreverant,
590 741 623 801 in
641 740 833 820 Carthaginis
852 761 924 818 opes
942 744 1177 820 felicitatemque

129 834 309 895 suansuet
345 835 389 892 cic
410 837 512 891 contra
534 837 575 891 est
597 834 730 906 inpressa
753 832 864 891 Venus:
886 831 933 890 his
956 833 988 889 in
1012 849 1101 892 causa
1125 852 1177 909 po-

157 924 226 981 sitis
250 921 324 998 quid
347 923 446 980 fuerat
467 918 657 980 iaciendum?
691 921 913 980 intellectamne
932 939 963 980 se
981 923 1056 980 scire
1075 921 1177 981 debuit

156 1008 256 1070 Iuno?
284 1029 323 1070 an
346 1010 384 1069 ab
407 1012 470 1069 eius
494 1009 650 1069 frauffibus
678 1009 862 1069 dissimulari
889 1010 1043 1085 oportuit?
1070 1010 1177 1070 melius

157 1101 258 1159 visum
281 1101 328 1159 est
350 1099 434 1159 dolos
457 1099 534 1158 dolis
558 1099 713 1157 excludere
735 1099 831 1157 veluti
854 1097 1026 1174 adprobatis
1045 1118 1099 1175 per
1117 1100 1176 1159 dis·

157 1188 384 1248 simulationem
415 1188 637 1264 praesentibus,
669 1208 706 1246 ne
739 1187 916 1247 deteriorem
944 1187 1024 1246 viam
1051 1189 1178 1249 nocendi

129 1279 347 1354 operquireret
373 1280 459 1337 atrox
486 1281 516 1336 et
546 1279 685 1352 pertinax
712 1277 847 1352 inimica,
880 1279 908 1335 si
937 1277 1117 1337 contrariam
1146 1296 1177 1337 se

157 1365 329 1427 ostenderet
351 1366 463 1425 Venus.
509 1369 574 1439 quie
601 1368 676 1426 talia
703 1366 820 1426 demeres
847 1367 960 1425 abnuat
987 1364 1059 1441 [aut
1085 1371 1177 1427 tecum

156 1457 244 1517 maur
266 1457 434 1515 uocauere
457 1456 549 1515 bello?
571 1458 599 1515 si
621 1457 705 1514 brodo
727 1456 805 1528 quod
827 1472 971 1515 memmae
988 1457 1100 1528 sactrcn
1117 1458 1178 1530 for-

157 1550 233 1604 tuna
255 1542 425 1621 sequaturJ:
455 1546 574 1604 etiamsi
601 1544 733 1605 dementi
760 1546 890 1619 cuipiam
917 1547 1004 1604 tanta
1031 1547 1178 1621 insperati
1211 1587 1214 1593 ι

158 1634 356 1693 commoditas
387 1635 571 1709 proveniret,
603 1633 707 1707 reniti,
738 1634 852 1709 inquit,
883 1652 943 1693 non
971 1634 1082 1693 debuit.
1129 1636 1178 1694 cui

129 1725 240 1786 sonim
267 1722 390 1798 prodest
416 1725 527 1782 omissa
554 1723 638 1798 pacis
661 1724 820 1782 securitate
844 1741 1027 1782 commovere
1049 1724 1177 1783 inimici-

158 1812 219 1871 tias
246 1816 315 1871 tuas
343 1817 395 1871 aut
422 1814 522 1871 tecum
548 1811 658 1871 habere
687 1831 754 1870 cum
781 1812 979 1871 reluctatione
1006 1811 1177 1873 certamen?

158 1902 233 1960 haec
262 1920 321 1960 vox
347 1903 435 1977 quasi
463 1900 674 1961 consentientis
701 1903 758 1975 est,
786 1901 838 1960 sed
860 1904 895 1959 ut
917 1902 972 1961 illa
995 1902 1092 1961 voluit
1115 1921 1178 1962 esse

158 1990 215 2049 sub
242 1990 382 2049 benivola
408 1993 616 2068 prosecutione
644 1990 776 2063 subtilis,
808 1992 853 2048 ita
881 1993 911 2048 et
938 1990 1039 2050 Venus
1069 1992 1179 2052 subicit

159 2079 240 2155 quod
263 2079 385 2138 Iunonis
410 2080 543 2140 animum
567 2083 690 2157 tangere
713 2079 868 2154 potuisset.
915 2080 992 2139 dixit
1014 2083 1094 2139 enim
1118 2082 1170 2140 sed
1180 2087 1231 2136 110

130 2171 232 2243 ofatie
259 2171 371 2227 incerta
396 2171 491 2243 feror:
526 2188 586 2227 non
614 2170 674 2227 fuit
701 2168 828 2242 incerta,
856 2167 908 2227 sed
934 2171 979 2227 ita
1006 2171 1121 2245 posuit,
1144 2173 1179 2228 ut

157 2276 257 2332 neque
284 2259 384 2316 renisa
411 2257 563 2316 videretur
590 2260 621 2316 et
647 2260 749 2316 tamen
776 2277 837 2317 non
859 2276 946 2333 posse
968 2258 1033 2317 fieri
1056 2258 1179 2318 subdole

159 2346 386 2406 demonstraret.
430 2348 458 2405 si
480 2348 616 2420 Iuppiter
638 2364 745 2416 mam,
768 2348 883 2422 inquit,
907 2365 967 2406 esee
988 2349 1057 2406 velit
1081 2349 1180 2422 Tyriis

157 2438 261 2495 urbem
299 2435 445 2508 Troiaque
475 2438 615 2509 protectis
651 2438 800 2495 misceri-re
833 2436 938 2509 probet
967 2438 1095 2509 populos
1127 2443 1180 2496 aut

158 2526 279 2599 foedera
310 2526 409 2598 incipi:
445 2544 514 2602 ego,
543 2527 599 2599 ait,
627 2525 814 2583 voluntatem
840 2527 925 2583 tuam
956 2524 1085 2584 libenter
1117 2547 1179 2585 am·

131 2615 284 2690 splector‚
308 2613 360 2671 sed
383 2614 409 2673 si
431 2614 488 2673 hoc
510 2613 576 2673 fieri
597 2613 735 2690 Iuppiter
755 2614 829 2672 velit
848 2617 901 2673 aut
919 2614 983 2672 fata
1001 2617 1180 2690 permittant

158 2706 195 2762 ut
225 2702 423 2761 Troianorum
451 2721 486 2761 ac
514 2703 674 2778 Tyriorum
703 2703 758 2762 fiat
784 2722 844 2761 una
872 2705 1051 2763 commixtio.
1098 2705 1179 2781 quod

158 2793 318 2869 provenire
351 2810 411 2850 non
442 2795 562 2866 poterat
593 2794 629 2851 ut
661 2793 750 2851 amici
781 2795 880 2851 essent
912 2794 964 2868 qui
995 2793 1056 2851 iam
1091 2795 1179 2853 fatali

157 2881 357 2956 dispositione
384 2882 504 2940 fuerant
530 2881 659 2956 inimici3
698 2881 773 2939 dixit
801 2881 880 2940 enim
907 2885 997 2957 poeta
1025 2883 1085 2941 alio
1113 2884 1178 2943 loco

157 2963 212 3051 (1,
233 2962 289 3050 19)
318 2970 509 3047 „progeniem
537 2971 587 3030 sed
615 2971 695 3029 enim
723 2971 852 3029 Troiano
883 2989 901 3028 a
933 2973 1078 3048 sauguine
1111 2972 1179 3031 duci

234 3199 250 3246 5
274 3208 360 3246 causa
380 3194 478 3261 positis
499 3193 551 3246 LR
578 3194 733 3263 compositis
756 3192 799 3246 ed.
906 3199 939 3247 10
962 3196 1104 3248 contraria
1127 3194 1179 3247 LR

158 3281 230 3318 corr.
250 3264 295 3317 ed.
360 3271 391 3317 11
413 3273 505 3319 aut—
517 3271 550 3318 13
569 3272 700 3333 sequatur·
718 3265 798 3318 deest
816 3263 846 3316 in
864 3264 923 3330 LR,
943 3265 992 3317 sed
1012 3265 1177 3333 explicatur.

217 3341 249 3388 13
269 3337 377 3403 copiam
394 3336 447 3388 LR
465 3338 587 3404 cuipiam
606 3336 677 3389 red.
734 3341 839 3389 13-14
857 3342 937 3390 tauta
955 3337 1091 3404 insperati
1108 3354 1179 3391 cocc-

157 3408 280 3461 moditas
298 3406 350 3459 LR
369 3407 411 3462 ed.
436 3415 493 3462 tam
515 3410 657 3476 insperata
679 3425 735 3462 cr
758 3408 837 3476 copia
859 3413 938 3461 tauta
957 3409 1093 3475 insperati
1109 3425 1177 3463 cocr-

158 3480 237 3533 modi
254 3493 312 3530 non
329 3479 404 3533 male
423 3479 456 3532 U.
514 3484 618 3532 19-20
636 3481 663 3533 si
679 3480 749 3544 fatis
762 3479 788 3532 lt
807 3494 875 3531 corr.
890 3497 911 3531 r.
968 3484 1000 3531 21
1020 3482 1113 3534 recisa
1128 3479 1180 3531 LR

157 3550 248 3603 reniti
265 3550 308 3602 ed.
326 3552 330 3616 l
351 3557 441 3604 taruco
460 3550 512 3602 LR·
531 3557 548 3604 t.
568 3551 599 3604 id
618 3550 660 3603 ed.
739 3556 773 3602 22
792 3551 884 3617 iuquit
903 3566 956 3603 om.
973 3550 1015 3605 ed.
1033 3554 1037 3619 Ι
1057 3552 1131 3605 vellit
1150 3551 1178 3604 L.

217 3625 251 3673 25
273 3623 320 3675 sed
343 3624 368 3675 si
389 3624 438 3676 boc
456 3622 508 3674 Lib
531 3623 621 3675 nescio
644 3639 683 3675 au
704 3639 719 3673 r
741 3621 772 3673 in
794 3637 883 3692 marg.
970 3628 1005 3675 ‘lu
1028 3624 1108 3676 troia
1128 3637 1191 3671 aaa

158 3694 299 3761 sanquine
318 3692 347 3745 Li

207 3789 263 3826 Dan.
277 3790 370 3838 interpr.
384 3792 450 3843 Verg.
473 3794 517 3835 vol.
529 3796 548 3836 1.
959 3792 1001 3838 Ἃ
