2734 4159
199 338 268 403 540
481 337 621 393 DONATI
639 338 808 395 INTERPR.
827 338 935 396 VERG.
1053 375 1056 384 ›

202 506 317 568 scilicet
338 511 373 567 ut
395 508 525 568 universi
554 508 606 583 qni
633 507 783 584 obsequiis
813 509 1013 568 interfuerant
1042 527 1122 585 aqua
1145 528 1219 586 pura

201 598 257 667 hoo
281 599 327 655 111
349 597 460 655 munda
479 598 574 655 felicis
593 595 689 656 olivae
704 597 859 657 frondibus
883 600 1102 675 spargerentur.
1148 600 1217 658 haee

202 686 261 744 fuit
283 686 423 746 lustratio
447 686 552 767 omnis
567 688 598 744 11
620 686 765 761 expiatio,
792 687 947 746 hominum
974 687 1089 747 scilicet
1116 690 1148 746 et
1170 688 1217 748 do·

201 793 328 835 morum.-
374 780 405 834 ct
422 778 495 849 ptus
517 774 635 834 Aeneas
661 778 772 849 tepenti
798 776 873 835 mole
899 777 1085 850 sepulchrum
1106 779 1218 851 inponit

202 882 314 939 scoquo
332 883 419 923 orma
437 867 501 923 eico
518 881 686 937 renumque
704 866 873 938 tubamque:
892 884 968 940 quae
987 867 1126 942 superius
1141 864 1218 926 dicta
1239 882 1251 924 e

203 956 273 1013 sunt
296 953 350 1012 alii
375 953 593 1028 conpleverant.
636 952 710 1012 dicit
727 972 807 1012 nunc
826 954 898 1029 quid
917 954 1034 1014 Aeneas
1052 956 1118 1031 ipse
1137 963 1228 1015 ouras

202 1042 280 1101 verit
302 1041 523 1117 perficiendum.
568 1044 650 1118 pius,
676 1044 790 1117 inquit,
813 1042 942 1103 Aeneas:
973 1044 1029 1102 1101
1057 1044 1124 1103 1010
1147 1044 1218 1103 bene

202 1133 304 1207 posuit
326 1131 425 1207 pium,
457 1134 599 1205 quoniam
627 1132 731 1191 comiti
758 1150 793 1190 ac
820 1131 963 1192 familiari
992 1152 1045 1192 suo
1073 1132 1219 1192 condebat

201 1221 385 1279 memoriam.
426 1220 471 1279 ait
485 1220 604 1299 ingenti
622 1220 701 1280 mole
719 1222 838 1297 inponit
856 1222 1060 1297 sepulchrum:
1083 1221 1219 1281 aedificat

203 1309 283 1385 quod
316 1312 350 1367 ut
379 1328 490 1386 magna
521 1310 599 1369 mole
630 1313 823 1387 consurgeret
852 1310 1066 1385 contemplatio
1090 1310 1250 1372 faciebatis

201 1398 310 1456 Miseni
333 1397 508 1457 meritorum
528 1398 654 1473 quaein
672 1398 738 1458 vita
756 1402 953 1474 quaesiverat.
990 1402 1122 1459 ceterum
1143 1419 1218 1460 mor·

203 1489 272 1546 tuos
291 1505 381 1563 supra
400 1486 477 1545 dixit
494 1488 571 1545 nihil
590 1488 709 1563 sentire,
729 1506 796 1546 oum
815 1487 926 1547 diceret
945 1481 1040 1571 (213)
1056 1492 1106 1564 „et
1128 1490 1218 1549 cineri

201 1578 322 1653 ingrato
341 1594 480 1651 suprema
499 1575 662 1651 ferebant“,
681 1579 761 1653 quia,
786 1596 851 1636 oum
871 1578 948 1636 nihil
967 1580 1103 1638 sentiunt
1122 1580 1217 1655 perin-

202 1665 297 1741 deque
320 1684 374 1724 nec
396 1667 491 1725 vicem
519 1665 661 1741 reddunt,
689 1669 768 1725 reete
795 1668 908 1725 mortui
936 1666 1077 1726 dicuntur
1099 1670 1217 1745 ingrati.

203 1772 274 1831 ergo
302 1753 420 1813 Aeneas
451 1756 551 1814 animo
580 1773 633 1814 suo
657 1755 868 1814 satisfaciens
892 1756 1094 1815 constituebat
1116 1758 1249 1835 ingensre

121 1847 123 1851 '
203 1843 401 1921 sepulchrum,
425 1842 506 1919 quod
525 1844 664 1918 faciebat,
682 1863 742 1903 non
760 1846 880 1903 tantum
897 1847 932 1903 ut
959 1864 1026 1909 ossa
1050 1846 1218 1925 contegeret

202 1952 307 1993 verum
336 1935 428 1992 etiam
454 1935 489 1991 ut
517 1952 592 2009 opus
614 1933 691 1991 illud
720 1934 846 1993 saeculis
870 1934 1008 1993 omnibus
1036 1934 1216 2011 perduraret.

203 2042 287 2082 arma
315 2025 417 2081 autem
440 2023 503 2081 eius
527 2025 558 2081 et
580 2022 654 2081 artis
677 2022 809 2100 insignia
831 2042 892 2082 non
914 2024 1054 2083 inmerito
1079 2023 1217 2098 addebat;

203 2114 349 2188 oportuit
365 2114 445 2171 enim
472 2130 509 2170 11
536 2131 603 2171 cnm
629 2112 696 2186 ipso
726 2114 869 2171 constitui
900 2132 954 2189 per
986 2131 1064 2187 quae
1096 2115 1129 2171 iu
1157 2115 1217 2173 vita

202 2201 306 2260 floruit
320 2204 360 2260 ..11
381 2201 506 2260 Hectori
528 2203 673 2277 primum,
701 2201 808 2260 dehinc
830 2201 949 2260 Aeneae
977 2202 1037 2277 ipsi
1059 2202 1251 2261 adhaererent

203 2294 234 2349 11
261 2291 462 2349 commendari
485 2291 667 2350 commeruit.
715 2290 791 2348 dixit
820 2290 892 2365 quid
914 2290 1012 2365 fieret,
1041 2291 1115 2350 dicit
1144 2306 1218 2352 nune

204 2397 263 2452 quo
286 2378 366 2436 loco:
389 2384 492 2448 monte,
514 2380 623 2455 inquit,
645 2380 700 2438 sub
723 2377 823 2447 Accio,
847 2382 897 2453 qui
920 2398 999 2439 cusae
1021 2382 1161 2439 1111111111
1183 2382 1218 2440 cb

149 2468 407 2526 tacitaetacitae:
436 2468 490 2527 sub
513 2468 613 2543 Aerio,
637 2470 691 2542 ait,
714 2471 828 2527 monte:
856 2468 912 2527 hoc
935 2488 1042 2529 nomen
1067 2470 1151 2545 apud
1173 2490 1219 2529 ue·

204 2558 283 2613 teres
302 2557 361 2614 fuit
379 2559 499 2631 montis,
518 2558 569 2616 sed
584 2561 656 2633 quia
670 2557 799 2636 Vergilii
817 2558 1000 2632 temporibus
1016 2559 1105 2618 aliter
1120 2560 1218 2636 appel·

203 2644 332 2717 labatur,
354 2644 502 2705 brevitate
523 2646 649 2705 mirifica
668 2650 699 2705 et
718 2648 863 2722 superiori
877 2648 1005 2724 tempori
1019 2650 1050 2705 et
1067 2651 1219 2723 praesenti
1231 2663 1251 2706 a

202 2733 365 2809 respondit,
378 2737 414 2792 ut
426 2736 588 2794 instrueret
602 2736 761 2795 nescientis
777 2739 808 2795 et
821 2736 940 2795 doceret
956 2740 1219 2798 commutationem

203 2824 332 2882 nominis
352 2825 522 2897 occurrisse,
545 2827 580 2882 ut
598 2824 730 2883 Misenus
754 2824 902 2884 diceretur
920 2846 956 2884 ex
974 2825 1081 2885 Miseni
1100 2829 1219 2887 nomine

204 2913 256 2987 qui
275 2910 431 2971 dicebatur
446 2912 562 2971 Aerius.
600 2918 805 2984 aeternumque
819 2919 893 2973 tecet
900 2932 957 2988 per
970 2916 1089 2974 1111111
1102 2933 1219 2976 reomau:

203 3003 322 3059 tantum
345 3001 428 3059 illius
451 3002 508 3059 viri
532 3000 673 3059 meritum
696 3002 793 3059 valuit
815 3004 886 3062 licet
909 3004 1019 3063 mortui
1041 3006 1219 3083 tantumque

203 3090 266 3148 eius
295 3090 458 3149 auctoritas
481 3092 582 3166 potuit
605 3090 656 3165 qui
679 3090 735 3148 hoc
762 3092 860 3150 voluit
883 3096 1008 3172 servari,
1035 3095 1070 3152 ut
1094 3095 1220 3153 saeculis
1233 3114 1257 3154 eo

202 3178 339 3237 omnibus
363 3178 494 3237 Misenus
518 3181 662 3237 manserit
686 3182 716 3237 et
738 3179 794 3239 hoc
817 3184 936 3240 nomine
960 3185 1108 3242 vocitetur
1127 3204 1145 3243 a
1168 3203 1220 3260 po-

203 3270 298 3326 steris
353 3268 475 3326 Aelium
499 3271 630 3326 montem
652 3268 787 3344 plerique
815 3289 873 3328 101
905 3291 1011 3330 nomen
1040 3274 1104 3333 eius
1128 3272 1221 3334 fuisse

276 3445 289 3491 1
310 3439 496 3505 iuterfuerunt
510 3437 552 3491 ed.
609 3443 624 3490 2
641 3438 690 3493 boc
704 3446 741 3491 eat
756 3440 861 3494 11111111
875 3448 964 3496 01111
978 3441 1125 3497 substituit
1139 3444 1183 3497 ed.

204 3509 378 3579 91011111.
453 3516 484 3562 11
505 3510 659 3577 1111111111
677 3508 720 3562 ed.
791 3513 974 3567 laetanea·
990 3512 1016 3565 V
1035 3520 1060 3567 et
1078 3530 1131 3567 om.
1148 3514 1221 3568 ed.n

204 3586 237 3634 13
257 3599 311 3651 quo
329 3580 426 3635 camV
445 3582 511 3650 quia
530 3597 591 3634 cum
609 3596 659 3633 nos
679 3581 744 3647 quic
765 3581 806 3634 ed.
857 3587 888 3635 18
908 3583 1012 3637 ortiaV
1031 3585 1156 3653 corrupit
1175 3587 1222 3642 ed.

257 3657 290 3705 22
310 3669 387 3708 aereo
405 3653 448 3707 ed.
505 3656 539 3706 17
557 3653 708 3705 cucurrisse
722 3651 746 3705 V
761 3652 803 3705 ed.
820 3655 1222 3728 1111111111101(1111499).

251 3730 288 3781 30
305 3726 358 3797 qui
375 3724 401 3781 V
418 3725 491 3797 quod
509 3724 552 3778 ed.
