2734 4159
582 308 766 363 AENEIDOS
784 310 798 362 I
1157 308 1199 371 ’15

177 480 276 555 partis
299 478 450 555 ingressus
473 478 565 537 latius
588 478 740 537 discussit!
776 496 852 552 quas
874 497 911 536 ne
935 480 1068 554 apertius
1087 477 1199 536 diceret

177 566 369 644 praepedivit
392 568 559 626 necessaria
581 587 636 642 pro
660 567 735 641 loeo,
754 585 809 642 pro
832 570 976 642 tempore,
998 585 1053 642 pro
1071 585 1198 642 persona

177 657 320 715 brevitas.
365 655 481 715 Aeneas
506 658 585 714 enim
607 659 638 713 in
662 656 749 730 silva,
771 657 945 733 naufragus,
963 675 1050 715 suum
1073 659 1103 714 et
1125 676 1198 716 nau·

178 747 335 824 fragorum
358 746 513 804 sociorum
528 747 683 823 negotium
706 764 811 823 gerens
834 744 942 821 perid
968 748 1112 821 temporis
1139 765 1198 822 quo

149 836 308 898 emiseriis
331 836 395 893 suis
418 834 560 910 cupiebat
582 835 773 910 aliquatenus
796 833 950 893 subveniri
971 835 1116 893 tenendus
1137 854 1199 893 non

179 926 240 982 fuit
272 924 361 1001 longo
393 926 478 983 textu
510 923 662 982 sermonis.
709 926 809 982 tamen
842 926 869 982 si
900 923 1103 981 consideretur
1132 926 1199 998 ipsa
1285 999 1288 1006 1

178 1013 325 1088 brevitas,
353 1014 535 1071 latissimum
559 1012 643 1071 dabit
665 1012 854 1071 intellectum
876 1012 1090 1071 rhetoricorum
1113 1031 1199 1089 prae·

179 1107 343 1178 ceptorum.
390 1104 434 1161 ait
462 1101 539 1160 enim
568 1102 619 1161 ille
647 1102 704 1161 hoa
731 1106 777 1161 est
803 1103 965 1161 sceleratus
995 1104 1025 1160 et
1056 1102 1198 1178 nefarius,

179 1192 233 1249 ille
256 1191 292 1249 de
316 1210 375 1265 quo
398 1191 475 1249 nihil
498 1192 616 1250 sceleris
640 1191 826 1267 sperabatur,
848 1192 901 1250 ille
923 1210 984 1263 rex,
1003 1210 1091 1266 quem
1114 1191 1199 1250 nulla

137 1302 165 1343 ιο
179 1280 221 1338 ad
234 1279 409 1355 inplendum
428 1281 523 1339 scelus
542 1281 668 1358 cogebat
685 1281 790 1356 inopia
808 1282 914 1357 auique
933 1283 1110 1356 supererant
1128 1299 1198 1356 opes

178 1370 294 1446 regiae,
321 1369 373 1427 ille
402 1388 490 1444 quem
519 1372 699 1429 convenerat
725 1388 827 1429 amare
855 1372 965 1431 sororis
993 1386 1066 1428 suae
1091 1371 1199 1443 virum,

179 1459 233 1517 ille
258 1459 310 1533 qui
333 1476 507 1535 germanam
529 1477 615 1517 suam
637 1460 703 1519 viro
725 1460 846 1536 privare
869 1479 930 1520 non
953 1458 1117 1533 dubitavit,
1147 1458 1200 1533 qui

179 1566 299 1606 servare
326 1549 426 1623 potius
455 1546 583 1606 adfinem
615 1548 719 1608 debuit
751 1567 843 1623 quam
874 1567 993 1625 necare,
1022 1547 1198 1624 Sychaeum,

178 1637 331 1694 hominem
353 1637 517 1710 innoxium,
541 1657 629 1712 quem
647 1657 789 1717 generum
806 1641 895 1714 pater
911 1639 1035 1716 dignum
1052 1638 1200 1697 iudicavit

137 1748 163 1787 15
180 1726 230 1783 eui
265 1725 397 1784 traderet
425 1725 521 1785 'filiam
554 1727 651 1786 adhuc
682 1727 830 1805 virginem
861 1731 893 1786 et
928 1729 1052 1787 alterius
1089 1730 1199 1788 amoris

179 1814 362 1874 nescientem
385 1818 470 1890 eique
494 1815 592 1892 prima
614 1817 801 1876 matrimonii
820 1818 1042 1877 consecratione
1061 1816 1198 1877 coniunc-

178 1906 253 1978 tam,
279 1906 435 1980 acceptum
457 1906 547 1980 patri,
574 1907 736 1965 amabilem
759 1907 862 1980 sorori,
884 1908 995 1965 faciens
1019 1909 1124 1964 contra
1146 1925 1198 1965 na-

179 1995 267 2051 turae
294 1994 483 2071 religionem,
516 1994 628 2053 faciens
656 1999 761 2055 contra
791 1995 937 2054 iudicium
966 1994 1075 2070 patris,
1108 1997 1198 2070 rupto

179 2081 377 2141 humanitatis
392 2086 423 2141 et
436 2082 602 2142 adfinitatis
620 2084 749 2161 vinculo,
765 2086 885 2145 necavit
902 2085 1059 2158 insontem,
1079 2085 1199 2142 necavit

136 2193 164 2233 ao
179 2172 347 2245 incautum,
381 2174 471 2246 atque
500 2192 534 2231 eo
564 2173 698 2249 facilius,
730 2173 811 2249 quod
841 2173 918 2232 talia
950 2191 1009 2231 non
1041 2175 1200 2247 putaretur

179 2279 319 2334 ausurus,
342 2260 451 2320 occidit
474 2264 544 2321 ante
567 2280 643 2337 aras,
666 2266 701 2322 ut
723 2262 913 2340 sacrilegium
937 2280 1054 2338 quoque
1072 2261 1118 2319 his
1137 2279 1198 2320 scc-

178 2349 291 2408 leribus
315 2352 454 2424 necteret,
478 2351 588 2410 oceidit
611 2355 680 2410 ante
705 2370 772 2411 aras
795 2352 852 2409 hoe
874 2354 920 2412 est
944 2352 1004 2410 diis
1030 2350 1198 2425 inspectan-

178 2438 270 2512 tibus,
289 2458 363 2513 qucs
381 2441 512 2498 bumana
531 2440 619 2500 caede
638 2441 791 2500 funestare
809 2458 870 2500 non
887 2440 998 2501 debuit
1028 2440 1197 2516 posthaec,

178 2530 214 2585 ut
242 2527 317 2586 facti
343 2530 435 2603 ipsius
464 2528 717 2589 demonstratione
745 2547 884 2605 expressa
911 2549 1031 2589 causam
1061 2531 1198 2589 scelerati

137 2641 164 2681 ιι
180 2616 310 2675 hominis
333 2621 490 2692 premeret,
514 2621 558 2677 ait
581 2622 672 2694 atque
694 2620 761 2677 auri
779 2638 884 2679 caecus
903 2639 1012 2694 amore,
1030 2622 1065 2677 ut
1083 2619 1198 2678 nullam

180 2708 208 2762 ei
241 2704 420 2765 defensionis
452 2708 634 2782 relinqueret
665 2712 783 2783 partem
816 2728 876 2784 qua
908 2709 955 2767 uti
985 2711 1113 2785 possunt
1144 2709 1198 2783 qui

180 2794 283 2870 aliqua
310 2796 456 2854 violentia
483 2797 577 2871 pressi
606 2799 659 2856 aut
685 2797 719 2854 in
746 2816 778 2857 se
806 2800 860 2857 aut
885 2799 919 2857 in
946 2798 1021 2856 alios
1044 2800 1199 2857 verterunt

178 2884 278 2958 inpias
301 2903 415 2943 manus.
462 2887 539 2945 clam
562 2889 697 2962 superat,
719 2887 820 2947 nullus
844 2889 923 2946 enim
946 2889 1058 2947 secreto
1082 2886 1198 2961 aliquid

178 2967 327 3050 †sceleris
355 2974 474 3033 conficit
496 2976 554 3034 nisi
579 2977 632 3051 qui
654 2975 731 3034 sciat
754 2994 785 3035 se
808 2976 925 3035 inlicita
948 2977 1196 3053 perpetraturum.

254 3202 267 3248 1
288 3203 428 3265 qaas—3
447 3199 564 3253 brevitas
581 3198 683 3253 misere
703 3198 829 3267 corrupit
847 3199 890 3252 ed.
959 3204 975 3252 4
994 3204 1099 3266 tenipus
1117 3197 1160 3250 ed.

179 3274 195 3320 6
215 3274 343 3322 contexta
362 3269 405 3324 ed.
422 3272 426 3339 i
443 3270 661 3325 consideraretur
679 3270 722 3324 ed.
787 3276 803 3324 9
823 3289 841 3323 a
860 3287 913 3339 qao
931 3270 1034 3324 ailad.
1100 3273 1133 3322 10
1151 3285 1197 3323 aa·

176 3346 308 3408 pereraai
326 3340 378 3392 LR
394 3348 557 3409 superarent
574 3341 617 3395 ed.
679 3348 712 3394 11
732 3358 810 3411 quera
828 3340 881 3393 Lli
898 3344 945 3395 cai
963 3341 1007 3395 ed.
1068 3346 1101 3393 14
1116 3345 1198 3409 pater

179 3427 234 3465 om.
250 3409 293 3464 ed.
347 3418 379 3466 15
393 3412 559 3466 auroresth
572 3430 690 3468 aurorem
705 3413 863 3467 adoraris
875 3430 936 3467 nos.
989 3418 1021 3465 16
1036 3410 1196 3465 eosthed.

177 3484 256 3551 eique
274 3484 610 3554 nos.1coarareramaa
629 3491 682 3539 -ioa
700 3484 721 3536 L
740 3484 766 3536 Π
783 3502 820 3536 m.
839 3484 883 3537 ed.
944 3488 976 3535 17
996 3489 1132 3550 aceepmm
1153 3483 1196 3535 ed.

234 3559 268 3607 23
291 3555 508 3624 inspectantibus
530 3555 582 3608 th
604 3556 814 3625 respicientibus
836 3555 882 3609 ed.
958 3557 1072 3608 ‘la-aa
1097 3553 1217 3619 aliquid

175 3626 286 3681 sceleris
304 3626 357 3679 LR
375 3626 418 3681 ed.
441 3627 548 3683 sceleris
570 3627 697 3685 deletum
716 3628 812 3686 vultr
835 3646 899 3687 non
918 3626 1026 3683 dubita
1045 3624 1125 3694 udin
1138 3623 1239 3673 reete.

232 3702 267 3749 29
275 3705 498 3765 perpetratorem
516 3700 571 3757 LR
590 3704 642 3761 edl
662 3706 801 3781 corrupit
819 3706 895 3763 edb‘.
