2734 4159
207 338 298 393 XVIII
614 335 820 392 PRAEFATIO

208 507 330 585 legavit.
364 507 471 565 horum
494 524 549 582 ego
573 507 748 581 sententiae,
767 524 834 565 cum
856 504 985 570 adeam
1003 504 1135 565 nondum
1153 504 1228 563 mihi

210 598 363 674 cognitam
376 596 440 670 ipse
459 612 579 670 quoque
597 595 819 671 comparatione
835 594 976 654 Vaticani
994 594 1064 653 libri
1083 593 1229 653 adductus

99 744 101 748 ,
209 687 275 759 sim,
299 704 334 744 eo
358 685 456 742 minus
479 684 583 743 dubito
607 684 754 743 assentiri.
793 685 902 759 prioris
921 685 1017 759 partis
1036 682 1177 742 librarius
1195 684 1228 741 in

210 772 508 849 interpretationibus
540 773 650 832 litteris
680 774 777 832 utitur
803 772 1065 849 Anglosaxonicis,
1096 774 1128 830 in
1155 773 1230 831 lem-

209 865 301 923 matis
325 862 508 939 Vergilianis
535 861 625 921 rubro
654 862 753 921 colore
780 862 899 937 scriptis
922 881 1015 937 usque
1044 862 1082 921 ad
1107 861 1161 921 fol.
1187 863 1228 919 13

209 951 378 1012 uncialibus
402 942 476 1031 (uno
499 952 565 1010 loco
589 950 768 1025 capitalibus
791 942 935 1030 rusticis),
954 955 1022 1027 post
1046 950 1096 1010 fol.
1114 952 1154 1008 13
1177 950 1229 1010 iis-

211 1041 279 1101 dem
303 1040 412 1116 quibus
434 1042 467 1098 in
489 1039 797 1116 interpretationibus.
843 1032 893 1097 L11
918 1041 949 1098 in
973 1040 1229 1115 interpretationi·

212 1131 267 1189 bus
290 1130 401 1190 formos
421 1130 592 1187 litterarum
612 1127 767 1188 carolinas
787 1129 968 1188 minusculas
987 1129 1230 1188 semiuncialibus

212 1220 367 1279 elementis
389 1218 509 1292 mixtas,
531 1218 563 1275 in
586 1218 744 1291 lemmatis,
768 1236 907 1294 quorum,
931 1220 958 1276 si
981 1218 1128 1294 ampliora
1152 1220 1231 1293 sunt,

211 1311 328 1385 par-tem
356 1311 475 1366 tantum
501 1306 591 1364 rubro
620 1307 718 1365 colore
747 1306 873 1366 scribere
902 1307 991 1381 solet,
1018 1307 1151 1365 unciales
1180 1308 1231 1365 ad·

211 1397 303 1456 hibet.
346 1416 412 1455 cum
430 1396 525 1473 igItur
542 1396 738 1472 posteriorem
756 1399 873 1471 partem
891 1398 924 1454 in
941 1395 1070 1455 Francia
1088 1396 1232 1471 scriptam

213 1506 275 1547 esse
307 1488 425 1561 pateat,
457 1484 587 1560 priorem
620 1503 738 1560 quoque
770 1484 882 1543 ibidem
910 1488 940 1544 et
968 1484 1070 1544 eodem
1096 1488 1234 1561 tempore

214 1576 381 1636 confectam
408 1592 471 1633 esse
500 1574 687 1632 continuatio
715 1573 802 1632 docet
829 1573 977 1633 scribendi
1005 1593 1065 1651 qua
1088 1576 1121 1632 in
1144 1592 1233 1634 versu

123 1656 126 1663 ’
217 1668 246 1739 2,
262 1665 326 1722 494
349 1663 435 1721 nulla
457 1662 681 1738 intercapedine
706 1663 783 1723 alter
804 1662 946 1722 librarius
966 1664 1092 1723 ulterram
1112 1665 1233 1739 excipit.

214 1756 370 1830 praeterea
406 1753 465 1811 viri
501 1750 582 1810 docti
613 1751 781 1811 Florentini
812 1753 974 1811 maximam
1006 1752 1233 1812 similitudinem

214 1860 320 1902 manus
352 1840 526 1918 posterioris
558 1859 625 1899 cum
658 1841 755 1900 forma
787 1841 1001 1919 calligraphica
1034 1841 1151 1901 scholae
1179 1840 1234 1899 Al-

215 1930 371 1991 cuinionae
391 1929 572 1989 Turonensis
597 1947 659 1989 esse
682 1933 869 2005 monuerunt,
887 1930 919 1987 in
944 1950 1003 2006 qua
1026 1949 1116 2006 quem
1133 1930 1234 1989 locum

214 2021 439 2097 Anglosaxones
473 2019 658 2079 obtinuerint
691 2021 816 2078 constat.
863 2021 905 2078 sic
938 2039 1008 2095 ergo
1041 2020 1235 2078 statuendum

215 2113 269 2181 est,
292 2111 421 2185 priorem
445 2111 561 2185 partem
585 2107 623 2166 ab
647 2109 767 2167 homine
790 2108 1013 2186 Anglosaxone,
1038 2110 1235 2184 posteriorem

216 2199 454 2274 aFrancogallo
478 2200 621 2273 scriptam
645 2215 716 2272 esse,
739 2201 898 2274 utramque
921 2199 953 2255 in
972 2198 1098 2257 Francia
1122 2197 1236 2257 saeculi

215 2307 244 2362 p.
271 2286 300 2344 Ο.
324 2306 353 2345 n.
381 2289 453 2346 noni
480 2286 701 2363 parteqrriore.
747 2306 819 2345 nam
851 2290 881 2346 et
911 2286 1082 2345 litterarum
1112 2286 1236 2346 habitus

217 2376 387 2435 auctoribus
412 2377 593 2435 Florentinis
617 2376 655 2436 ad
678 2394 788 2435 nonum
813 2374 963 2434 saeculum
987 2394 1040 2434 nos
1063 2378 1184 2435 revocat
1204 2378 1238 2434 et

218 2484 308 2540 quam
336 2484 370 2523 ex
399 2465 499 2524 codice
526 2465 689 2543 Reginensi
716 2464 796 2522 haud
824 2464 914 2523 dubie
944 2464 1059 2523 iuniore
1090 2467 1237 2540 temporis

217 2553 379 2613 efficiemus
412 2554 615 2614 definitionem
646 2554 678 2612 in
710 2554 840 2629 priorem
872 2555 935 2613 eius
968 2553 1080 2613 saeculi
1109 2556 1236 2629 partem.

218 2641 325 2717 quodsi
351 2643 460 2718 prioris
489 2642 607 2702 librarii
635 2661 709 2719 opus
738 2661 756 2701 a
783 2646 946 2718 posteriore
975 2643 1075 2702 eodem
1100 2645 1238 2718 tempore

218 2750 253 2789 ac
271 2731 337 2791 loco
357 2733 563 2790 continuatum
583 2735 636 2806 est,
655 2732 818 2807 archetypo
840 2733 943 2792 eodem
966 2736 1125 2807 utrumque
1148 2750 1236 2791 usum

219 2838 281 2879 esse
309 2822 413 2899 negari
439 2839 499 2878 non
527 2823 647 2895 poterit.
693 2822 782 2880 huius
809 2841 932 2881 manum
957 2824 989 2879 in
1012 2821 1236 2896 interpretatio-

218 2908 305 2967 nibus
334 2902 385 2990 (de
411 2910 562 2968 lemmatis
585 2929 645 2967 non
668 2910 763 2969 habeo
787 2911 861 2986 quid
883 2902 994 2990 dicam)
1017 2910 1238 2986 Anglosaxoni-

220 3017 285 3057 cam
308 2999 400 3057 fuisse
422 2999 491 3056 inde
515 2998 638 3072 conicio,
664 3001 744 3074 quod
767 2999 797 3057 in
821 3000 882 3059 illis
905 3000 988 3074 prior
1010 2997 1164 3073 librarius,
1188 3002 1237 3058 cui

220 3105 271 3147 eae
290 3088 402 3146 formae
421 3086 584 3147 familiares
605 3091 710 3163 essent,
730 3089 825 3147 multo
843 3090 941 3148 rarius
960 3087 1062 3162 lapsus
1081 3088 1127 3145 est
1145 3107 1237 3163 quam

219 3178 367 3252 posterior
385 3175 524 3251 idemque
538 3195 628 3236 unam
643 3180 763 3235 tantum
776 3178 914 3236 lacunam
931 3179 959 3250 2,
970 3177 1033 3235 469
1055 3175 1090 3233 de
1108 3176 1237 3237 lectione

220 3265 360 3325 dubitans
383 3265 519 3340 reliquit,
546 3259 597 3322 L11
619 3266 791 3340 permultas
837 3266 884 3324 his
907 3266 1052 3326 concessis
1074 3267 1173 3323 nescio
1197 3284 1238 3324 an

220 3355 297 3413 illud
326 3373 444 3430 quoque
472 3353 664 3427 concedatur,
692 3358 728 3413 ut
754 3355 956 3431 archetypum,
979 3353 1010 3411 id
1034 3354 1112 3429 quod
1137 3357 1239 3415 aetate

221 3444 402 3503 Alouiniana
425 3462 512 3519 saepe
536 3443 654 3516 accidit,
678 3462 713 3501 ex
733 3443 846 3521 Anglia
868 3445 900 3501 in
923 3443 1080 3501 Frandam
1104 3442 1238 3504 delatum

222 3552 285 3591 esse
309 3537 455 3609 putemus.
502 3533 609 3592 desunt
633 3533 664 3590 in
687 3532 888 3592 Laurentiano
912 3531 982 3589 libri
1006 3533 1107 3607 quarti
1134 3551 1236 3592 versus

209 3622 391 3680 386-621
429 3641 539 3699 eosque
571 3641 608 3680 ne
639 3623 671 3680 in
705 3622 865 3697 archetypo
899 3620 1019 3696 quidem
1050 3622 1143 3679 fuisse
1170 3622 1239 3681 ideo

190 3707 400 3769 statuendum
433 3717 494 3791 est,
526 3714 600 3793 quia
628 3711 772 3774 librarius
799 3712 931 3788 spatium
953 3710 1094 3785 reliquit,
1118 3709 1240 3769 breuius
