2734 4159
577 329 760 386 AENEIDOS
778 330 817 384 111
1144 328 1207 393 311

191 518 271 575 quae
294 500 325 557 in
349 500 450 574 patria
471 501 652 575 interempta
675 501 721 558 est
743 518 837 575 neque
861 497 923 559 eius
946 500 1103 559 interitum
1123 497 1208 559 vidit.

192 588 334 647 hostilem
361 588 400 647 ad
426 589 575 647 tumidum
602 590 683 648 iussa
711 590 801 647 mori:
833 605 909 663 quae
937 607 997 647 non
1025 588 1063 648 ad
1089 589 1208 648 hostilis

153 719 156 724 -
192 677 301 736 cubilis
323 678 458 752 iniurias,
482 677 533 737 sed
556 677 595 736 ad
617 677 808 752 sepulchrum
831 677 921 736 dueta
945 678 997 736 est.
1034 678 1209 756 intellegen-

193 767 265 825 dum
292 768 339 825 est
359 766 416 825 hoo
443 768 509 826 looo
538 768 622 842 quia,
650 766 706 827 etsi
729 767 826 826 oooisa
850 769 908 841 est,
933 784 987 824 nee
1009 765 1106 842 ipsius
1128 767 1208 826 neeis

162 857 308 917 ofiuotus
326 855 462 931 pervenit
479 855 519 913 ad
536 858 696 929 mortuum,
711 856 782 930 quia
800 856 876 913 nihil
894 855 1043 914 exanimes
1062 855 1208 915 sentiunt:

192 944 319 1019 proinde
342 948 372 1003 et
393 944 450 1004 hoo
472 945 611 1004 felicitati
635 946 698 1003 aius
722 943 956 1003 adscribendum.
994 962 1068 1017 quoe
1089 946 1209 1003 sortitus

192 1033 393 1107 neuportum
413 1035 503 1092 ullos:
525 1037 559 1093 ut
581 1034 613 1091 in
636 1032 814 1092 divisionem
837 1052 896 1092 non
919 1032 1034 1092 venirat
1056 1052 1110 1109 per
1127 1033 1207 1091 iudi-

191 1124 275 1180 oinm
292 1124 381 1181 sortis
399 1142 453 1181 neo
471 1125 504 1181 in
522 1123 651 1182 alienam
668 1124 850 1199 potestatem
869 1122 995 1181 eederet.
1022 1139 1075 1181 nee
1091 1122 1209 1181 victoris

192 1214 237 1270 eri
264 1214 353 1285 eope
379 1215 495 1286 captiua
523 1213 627 1271 cubile:
658 1212 853 1271 novissimam
880 1212 981 1286 posuit
1009 1230 1069 1287 qua
1094 1223 1208 1286 preme-

146 1321 178 1361 ιο
192 1300 283 1358 batur
309 1320 443 1375 oausam,
472 1320 531 1376 qna
558 1320 589 1361 se
615 1300 736 1361 uolebat
763 1299 898 1360 exolvere
925 1301 1042 1359 felioem
1070 1298 1208 1360 adserens

192 1409 270 1464 quae
294 1409 354 1448 non
375 1390 483 1449 habuit
504 1389 666 1464 dominum,
685 1408 761 1466 quae
782 1390 969 1467 ingenuitate
988 1408 1105 1465 quoque
1124 1388 1209 1449 salve

192 1482 224 1536 et
246 1480 422 1557 virginitate
444 1477 584 1555 iugulata
607 1481 660 1539 est.
706 1479 841 1555 sequitur
864 1478 997 1538 definitio
1024 1478 1060 1537 de
1087 1481 1208 1538 terrori-

191 1567 249 1625 bus
271 1569 438 1627 servitutis:
461 1587 516 1627 neo
538 1569 661 1628 viatoris
684 1568 736 1643 eri,
754 1571 790 1626 nt
811 1570 876 1643 ipse
899 1567 1036 1627 dominus
1060 1570 1137 1627 esset
1157 1567 1208 1644 qui

191 1656 367 1715 iamdudum
389 1658 488 1717 fuerat
509 1658 661 1731 inimious3
688 1656 792 1735 tetigit
815 1659 935 1732 captiva
958 1655 1063 1732 cubile,
1086 1676 1147 1715 non
1170 1657 1209 1716 ud

145 1766 176 1807 rs
191 1745 362 1823 honestam,
391 1747 442 1806 sed
470 1746 508 1805 ad
530 1746 726 1806 ludibriosam
748 1748 974 1806 oonventionem
997 1746 1089 1805 etiam
1111 1746 1209 1805 invite

191 1834 345 1909 perduota.
390 1853 456 1895 eoae
483 1836 546 1913 egit
564 1834 693 1912 ¹oblique
721 1853 841 1895 oausam
869 1853 954 1894 suam
983 1833 1128 1909 qualitate
1156 1834 1207 1894 ab·

191 1924 292 1983 soluta
318 1925 450 1983 nondum
479 1926 654 2003 contingens
680 1944 716 1983 ex
739 1926 842 2000 aperto
864 1942 1023 2001 personam
1045 1923 1208 1999 propriam,

191 2012 244 2071 sed
267 2032 303 2071 ea
326 2014 479 2073 oooasione
503 2033 562 2089 qua
584 2014 816 2090 prosperitatem
837 2012 976 2073 laudavit
999 2013 1136 2087 alienam,
1156 2012 1207 2070 ad·

190 2120 291 2161 serens
309 2121 370 2160 non
387 2105 420 2161 in
439 2104 519 2161 faoto
538 2122 600 2161 esse
620 2105 740 2177 emman,
759 2101 862 2161 sedin
880 2102 1044 2161 voluntate.
1073 2103 1208 2176 superior

144 2213 176 2253 ao
191 2190 303 2266 quippe
326 2191 420 2251 hostis
443 2212 511 2251 oum
533 2192 597 2250 iure
620 2192 694 2250 belli
717 2190 854 2251 dominus
876 2191 967 2249 fuerit
991 2190 1124 2265 effeetus,
1147 2209 1207 2250 non

189 2280 305 2339 domini
332 2283 516 2355 aequitatem
542 2281 591 2341 vel
618 2281 692 2339 iusti
719 2280 835 2340 servitii
861 2283 971 2339 retinet
993 2280 1127 2355 modum,
1155 2279 1207 2339 sed
1257 2351 1259 2356 ‚

187 2370 401 2428 auctoritatem
419 2372 555 2445 sequitur
572 2369 801 2446 superbiamque
819 2369 950 2428 victoris.
981 2369 1120 2428 conclusa
1137 2386 1207 2428 eon·

187 2459 356 2534 parationis
374 2462 469 2534 parte,
488 2478 579 2535 quam
598 2459 634 2517 da
655 2459 789 2533 exemplo
812 2458 937 2535 virginis
959 2457 1066 2516 habuit
1089 2476 1206 2533 quaque

189 2566 222 2606 se
245 2550 400 2625 purgavit,
423 2548 502 2607 radit
525 2547 563 2607 ad
585 2566 743 2623 personam
766 2566 864 2620 suam,
887 2549 922 2604 ut
944 2548 1098 2622 propriam
1120 2546 1206 2605 fabu-

142 2657 173 2697 πο
188 2638 252 2695 lom
274 2637 385 2695 referat
404 2638 626 2713 conparationis
645 2636 778 2696 eiusdem
796 2637 962 2695 intentione
981 2638 1107 2695 servata.
1143 2639 1260 2695 noetio

183 2728 291 2799 patrio
313 2729 433 2784 incensa
455 2727 572 2786 diversa
588 2744 646 2799 per
668 2742 797 2798 aequora
818 2727 914 2785 oeetoe
935 2726 1037 2797 stirpis
1056 2724 1206 2784 Achilleae
1268 2779 1274 2788 ,

187 2816 288 2887 fastus
315 2817 503 2888 iuvenemque
531 2816 689 2889 superbum
717 2815 833 2873 seruitio
863 2816 945 2872 enixe
971 2816 1106 2873 tulimus:
1141 2814 1205 2889 illa,

188 2903 302 2979 inquit,
326 2905 469 2962 ineolumi
491 2906 665 2981 virginitate
690 2922 724 2962 ao
747 2903 885 2962 libertate
904 2904 1040 2963 ‘mactata
1066 2905 1124 2977 ast,
1151 2903 1206 2962 illa

188 2992 319 3051 moriens
342 2994 521 3052 ineolumem
542 2993 674 3068 patriam
698 2993 835 3069 reliquit,
862 3011 916 3052 nos
939 2994 1091 3051 incensam
1114 2995 1206 3067 atque

142 3101 173 3141 ao
189 3101 226 3140 ex
247 3100 282 3140 ea
301 3100 390 3140 eausa
409 3086 624 3158 consumptam.
656 3082 738 3141 illius
757 3083 846 3141 funus
865 3084 896 3139 et
914 3082 1089 3159 sanguinem
1107 3082 1206 3139 solum

187 3172 323 3246 patrium
344 3174 436 3246 tenet,
454 3191 507 3232 nos
531 3192 583 3246 per
606 3172 737 3231 diversas
756 3172 857 3248 pelugi
875 3170 970 3246 partis
990 3188 1089 3229 sumus
1109 3173 1205 3228 trans-

187 3262 328 3336 portatae
355 3261 451 3319 multa
478 3261 640 3321 tolerantes
670 3280 745 3335 quae
773 3260 804 3318 in
832 3280 924 3317 unum
951 3260 1102 3318 hominem
1124 3259 1206 3317 mala

261 3430 380 3484 δάκετα
398 3448 426 3485 es
443 3449 464 3483 r.
527 3437 611 3485 duee
628 3431 671 3484 his
690 3429 741 3482 LR
759 3430 833 3484 oecis
851 3448 865 3482 r
884 3429 927 3484 ed.
990 3428 1099 3482 7ullus
1117 3427 1176 3481 LR.
1199 3428 1202 3500 Ι

186 3503 324 3556 iudicium
344 3501 387 3555 ed.
462 3508 492 3554 11
513 3504 617 3556 salvam
635 3501 665 3553 L.
740 3507 772 3554 12
793 3501 938 3555 deterreris
951 3499 1004 3552 LR
1022 3500 1055 3552 de
1072 3505 1206 3553 terrorer

186 3574 221 3627 de
244 3574 394 3628 terroribus
416 3589 466 3626 nos
494 3574 636 3627 deterioris
659 3571 716 3638 ed,
740 3572 790 3625 sed
813 3571 986 3639 Polyxenam
1012 3571 1042 3623 in
1070 3570 1207 3624 servitute

187 3645 276 3699 fuisse
294 3647 389 3714 negat.
452 3650 484 3697 21
504 3646 613 3699 enodem
632 3643 686 3696 Lu
704 3644 847 3697 doeralouau
865 3642 917 3697 edl
934 3643 1093 3698 tantalon
1110 3640 1185 3693 adl.

188 3722 223 3770 24
240 3717 334 3771 reddit
346 3716 373 3767 R
391 3732 458 3769 eom.
477 3733 499 3770 r.
575 3720 610 3772 30
628 3717 712 3785 funis
730 3717 757 3773 u
777 3734 851 3774 oorr.
869 3734 895 3772 r.
