2734 4159
563 313 790 369 nnunmosv
898 383 905 396 ‚
1114 313 1191 384 ,439

175 485 227 544 sed
250 486 404 544 intellectu
426 485 583 544 latissima.
620 485 751 560 primum
774 484 885 560 quippe
905 483 985 559 quod
1003 482 1079 542 dixit
1097 484 1191 542 visuri

175 574 330 633 Aeneadas
350 576 493 649 expressit
511 575 717 650 plenissimam
732 572 851 632 laudem
866 574 1076 632 Troianorum:
1094 592 1190 649 neque

175 666 255 722 enim
279 665 344 722 sola
366 663 504 722 ludorum
526 663 666 738 voluptas
690 662 817 721 ducebat
835 664 997 735 universos
1016 680 1082 721 cum
1101 679 1190 721 unus·

177 754 302 827 quisque
335 752 374 811 ad
404 753 460 812 hoc
490 756 692 826 concurreret,
719 754 754 810 ut
781 753 872 810 etiam
899 754 1000 810 nosset
1027 750 1190 811 Aeneadas.

148 844 262 901 serant
284 845 395 915 tamen,
417 843 525 918 inquit,
548 844 628 900 inter
649 843 731 917 ipsos
755 842 808 916 qui
831 842 922 899 etiam
945 840 1044 899 studio
1059 856 1190 916 'quoque

176 931 309 989 certandi
338 931 516 990 ducerentur
543 930 661 1007 capturi
689 949 725 988 ex
752 931 819 988 visu
843 930 1038 988 Troianorum
1062 931 1192 1007 gratiam

176 1024 206 1079 et
229 1021 416 1079 commodum
440 1021 475 1079 de
499 1021 668 1079 certamine.
705 1021 785 1077 tanti
808 1023 908 1077 autem
927 1018 1139 1093 confluxerant,
1157 1022 1191 1076 ut

175 1110 367 1167 latitudinem
390 1110 515 1168 litorum
538 1109 764 1185 conplevissent.
809 1126 933 1168 muuera
951 1110 1101 1181 principio
1125 1111 1192 1166 aute

176 1199 271 1256 oeulos
293 1200 423 1271 circoque
445 1199 578 1257 locantur
600 1200 634 1257 iu
651 1198 760 1257 medlo:
783 1217 850 1256 cum
869 1196 1038 1256 contionem
1059 1197 1183 1255 haberet
1193 1203 1246 1253 110

135 1308 161 1346 10
177 1288 292 1347 Aeneas
316 1290 346 1345 et
367 1288 456 1347 ludos
480 1288 616 1362 ediceret,
639 1286 779 1362 promisit
802 1306 832 1345 se
861 1286 952 1363 digna
978 1286 1113 1361 praemia
1141 1285 1191 1344 da-

175 1380 277 1434 turum
304 1394 367 1435 esse
395 1379 566 1449 certaturn,
594 1395 670 1452 quae
698 1395 744 1434 res
772 1376 929 1435 nonnullos
955 1375 1130 1448 adduxerat,
1157 1378 1191 1433 nt

175 1466 287 1524 vellent
319 1466 417 1524 subire
450 1467 622 1525 certamina.
668 1465 720 1523 scd
753 1467 825 1540 quia
856 1466 1014 1540 promissio
1046 1483 1191 1523 nonnum-

156 1574 265 1630 -quam
298 1557 441 1613 minorem
474 1557 585 1614 retinet
610 1554 713 1628 fidem,
745 1573 869 1613 munera
896 1556 962 1631 ipsa
989 1557 1058 1612 anto
1086 1551 1207 1629 coepta

176 1646 371 1702 certaminum
390 1644 487 1702 medio
507 1646 585 1703 circo
604 1643 760 1720 proposuit
775 1645 805 1702 et
819 1644 928 1702 obiecit
942 1643 1035 1702 oculis
1050 1645 1191 1717 omnium,

135 1754 161 1791 15
175 1740 209 1790 ut
232 1734 365 1791 volentes
389 1735 485 1810 magis
509 1734 622 1792 vellent
644 1735 758 1791 certare
777 1736 807 1791 et
826 1733 973 1808 qualitate
991 1732 1192 1807 praemiorum

176 1822 268 1879 etiam
290 1823 380 1880 inviti
403 1825 587 1899 cogerentur.
625 1822 763 1897 circoque
786 1822 924 1881 locantur
946 1823 978 1879 in
1001 1821 1108 1895 medio,
1131 1841 1192 1881 non

176 1931 235 1985 quo
264 1931 368 1969 revera
397 1913 491 1971 circus
519 1911 624 1970 fuisset
653 1913 817 1985 extructus,
845 1911 897 1970 sed
925 1912 957 1969 in
985 1912 1083 1987 spatio
1112 1911 1192 1986 qnod

176 2001 213 2058 ad
241 2003 335 2059 vicem
370 2000 441 2058 circi
471 2001 569 2059 fuerat
602 2001 798 2076 designatum.
849 2001 881 2058 in
913 1999 1011 2058 modio
1044 2000 1124 2073 ideo,
1156 2003 1192 2059 ut

176 2109 194 2146 a
218 2090 404 2148 circumfusis
428 2090 534 2166 populi
556 2090 693 2165 partibus
716 2089 812 2148 videri
830 2090 1007 2164 potuissent.
1044 2090 1192 2149 11111111·

134 2181 262 2251 20101118
285 2180 448 2252 uiridesque
471 2196 594 2237 eorouae
616 2184 642 2238 el
658 2180 794 2252 palmae:
817 2198 909 2254 quare
927 2176 1022 2237 haec?
1051 2180 1190 2252 pretium,

174 2270 282 2342 inquit,
305 2270 469 2336 uictoribus,
491 2268 618 2327 honores
642 2268 756 2326 scilicet
776 2271 805 2326 et
824 2267 905 2343 quod
923 2266 1045 2327 victoris
1064 2268 1192 2346 gloriam

175 2360 342 2414 testaretur.
390 2375 515 2416 coronae
543 2360 572 2416 et
599 2357 717 2433 palmae
745 2359 861 2433 positae
884 2358 1005 2415 fuerant
1027 2375 1116 2433 super
1137 2358 1191 2415 tri-

175 2445 273 2518 podes.
320 2464 461 2519 armaque
484 2451 509 2505 et
531 2451 607 2505 ostro
625 2448 769 2519 perfusae
795 2450 898 2513 111111,
928 2449 1040 2520 arpenti
1067 2449 1192 2519 aurique

175 2535 297 2591 talentu:
320 2552 386 2593 ecoe
410 2538 441 2594 et
462 2535 517 2593 illa
540 2536 697 2612 proposuit
721 2554 797 2611 quae
819 2536 933 2594 maiore
956 2536 1053 2610 pretio
1077 2537 1191 2594 certan-

134 2642 160 2680 15
175 2626 240 2680 tum
273 2624 395 2683 divitias
428 2644 537 2702 augere
568 2625 744 2701 potuissent.
789 2627 876 2683 tanta
907 2627 1006 2683 autem
1034 2625 1191 2701 largientis

175 2714 262 2787 copia
289 2715 361 2785 fuit,
389 2716 423 2771 ut
450 2715 606 2789 proposita
632 2714 664 2773 in
693 2716 839 2789 quantum
866 2713 968 2788 modo,
996 2733 1118 2773 numero
1142 2714 1191 2772 vel

174 2802 303 2876 pondere
326 2802 483 2861 finirentur
506 2803 566 2860 dici
589 2822 648 2861 non
671 2806 780 2879 posset.
827 2802 959 2878 proinde,
984 2804 1055 2877 quia
1078 2803 1190 2878 specia-

175 2893 231 2948 tim
255 2891 315 2950 dici
337 2912 396 2950 non
420 2893 588 2968 valuerunt,
612 2891 771 2967 conpendii
789 2910 878 2951 causa
897 2895 993 2951 vestes
1013 2892 1191 2968 generaliter

174 2980 259 3052 dixit,
270 3000 353 3039 arma
363 2984 394 3039 et
404 2982 470 3039 auri
480 2983 570 3055 atque
583 2983 701 3059 argenti
714 2981 830 3040 talenta
844 2979 983 3040 similiter
997 2982 1190 3068 percucurrit.

247 3138 280 3185 10
299 3134 346 3186 sed
364 3134 450 3204 (119111
469 3133 521 3185 1111
538 3150 566 3187 11
584 3134 610 3187 d.
626 3152 640 3185 r
657 3150 685 3187 11
704 3135 841 3201 transpos.
857 3132 901 3186 ed.
959 3138 993 3186 14
1012 3134 1191 3187 certaminum

173 3204 226 3255 th
246 3204 279 3255 of.
298 3206 541 3270 fuudarneutorum
560 3209 653 3272 coepta
673 3210 697 3270 7,
710 3209 759 3257 125
778 3205 929 3258 1111111111
948 3206 979 3257 iu
996 3204 1083 3258 HOU
1102 3204 1145 3257 ed.

175 3281 279 3327 16-17
299 3293 355 3328 111
374 3276 447 3345 quod
465 3275 531 3329 edF.
592 3281 625 3328 19
645 3277 683 3328 ud
701 3276 875 3342 circumfusis
893 3275 945 3328 th
964 3292 1021 3328 11.
1041 3274 1127 3330 HOU
1146 3275 1190 3329 ed.

173 3365 192 3398 1
210 3348 372 3411 circumfusi
390 3365 411 3401 r.
485 3353 517 3398 21
537 3346 722 3401 1111111111
741 3348 784 3399 ed.
803 3348 948 3401 humorem?
973 3350 977 3413 Ι
1006 3352 1032 3400 et
1051 3364 1104 3400 om.
1120 3347 1162 3400 ed.
1185 3347 1187 3416 1

173 3420 287 3471 uictores
305 3419 357 3470 LR
376 3436 444 3471 corr.
460 3436 474 3469 r
493 3417 535 3471 ed.
623 3424 656 3471 26
676 3425 708 3472 ut
724 3419 866 3486 proposita
884 3418 937 3470 La
956 3418 998 3473 ed.
1018 3426 1049 3472 ut
1068 3418 1122 3472 del.
1141 3436 1162 3473 r.
1185 3421 1188 3491 1

174 3491 205 3541 iu
224 3496 358 3557 querutum
376 3492 455 3543 111111
475 3490 495 3541 L
519 3491 551 3542 iu
569 3496 703 3557 quautam
722 3507 755 3543 m.
776 3489 801 3542 R
823 3497 854 3542 ut
873 3497 979 3559 quauta
998 3505 1032 3544 m.
1052 3508 1066 3541 r
1088 3492 1191 3558 speciu-

174 3562 223 3612 tim
247 3578 316 3628 quae
339 3561 382 3614 ed.
475 3566 507 3613 27
532 3563 684 3615 teutreutur
702 3560 754 3613 LR
777 3566 931 3615 temerentur
949 3579 963 3612 r
981 3560 1023 3614 cd.
1043 3562 1192 3628 finirentur

174 3648 232 3683 nos.
263 3634 267 3702 1
298 3640 388 3700 posset
407 3632 459 3684 LR
473 3638 584 3700 posseut
603 3632 645 3686 ed.
733 3636 767 3684 28
786 3634 930 3687 uoluerunt
948 3632 994 3685 ed.
1079 3637 1118 3681 ‘aa
1136 3649 1202 3695 par-

174 3704 262 3756 eurrit
280 3704 322 3755 ed.
