2734 4159
582 317 765 374 mesmes
784 320 810 373 11
1138 319 1205 386 221

189 489 296 547 Politia
324 488 468 565 sanguine
496 490 596 548 anima
625 508 744 563 quoque
771 507 838 547 cum
864 488 930 565 ipso
955 492 1130 565 consumpta
1154 491 1206 550 cst.

189 596 255 636 ecce
279 579 401 636 fortuna
423 576 539 636 Priami
561 581 592 637 ot
614 578 725 652 fatum,
748 577 833 636 cuius
857 596 946 638 eausa
968 579 1083 638 factum
1106 582 1151 637 est
1173 581 1208 637 ut

189 666 272 725 filius
295 668 359 725 eius
383 666 515 725 letaliter
536 684 693 742 percussus
716 666 823 725 vicerit
846 668 995 728 valentem
1018 668 1149 742 hostem,
1172 671 1209 725 ut

190 759 259 815 anto
288 753 390 814 oculos
417 757 532 830 patrios
560 756 686 815 caderet.
731 757 778 815 bie
799 757 947 823 Priamus,
974 774 1153 830 quamquam
1175 759 1209 819 id

161 845 287 907 smedia
318 847 380 903 iam
411 848 501 903 certe
532 848 656 914 tenetur,
688 862 748 903 aare
775 849 872 904 tamea
899 847 1041 905 abstinuit
1065 864 1118 906 aee
1146 847 1210 904 aeci

188 936 309 1006 iraeque
326 935 469 1012 pepercit:
492 952 557 993 eece
576 935 700 994 inventa
719 936 764 993 est
782 934 935 1009 quaesitae
954 936 1059 994 mortis
1079 935 1208 998 occasio:

189 1041 244 1081 nec
267 1022 399 1097 Pyrrhus
422 1024 522 1099 potuit
540 1023 658 1083 Politen
681 1025 816 1082 saucium
838 1024 925 1083 fortis
950 1026 980 1083 et
1002 1023 1105 1083 valens
1124 1025 1209 1098 sequi

189 1112 353 1189 fugientem
382 1131 436 1171 nee
463 1131 518 1187 per
544 1113 636 1189 longa
663 1114 764 1187 spatia
792 1116 959 1172 currentem
986 1112 1064 1172 alius
1089 1131 1208 1187 percus·

191 1220 241 1266 sor
268 1202 395 1276 excepit,
427 1203 526 1260 totum
554 1203 634 1260 enim
662 1202 784 1260 fortuna
814 1205 986 1261 servaverat
1012 1200 1147 1275 Priamo,
1174 1205 1210 1260 ut
1291 1256 1292 1260 ,

148 1314 176 1353 10
190 1307 295 1349 causas
318 1291 423 1349 mortis
448 1308 522 1364 quas
546 1290 709 1364 quaerebat
731 1292 904 1350 incurreret.
946 1290 1073 1365 denique
1095 1291 1209 1355 factum

191 1380 249 1451 est,
287 1398 358 1437 nam
390 1380 535 1439 excitatus
567 1379 651 1440 luctu
683 1382 715 1438 ct
747 1380 909 1440 acerbitate
946 1381 1052 1441 mortis
1088 1379 1133 1439 fili
1163 1380 1209 1440 in·

190 1468 361 1531 manissimi
385 1468 479 1527 bostis
506 1470 601 1527 feram
623 1471 765 1527 naturam
786 1469 953 1529 maledictis
976 1471 1009 1527 in
1032 1488 1063 1530 se
1086 1467 1209 1529 damasi-

190 1558 248 1619 mis
267 1556 458 1631 provocabat.
495 1554 545 1631 [at
567 1559 619 1616 tibi
635 1574 695 1629 pro
717 1560 829 1627 scelere,
853 1559 1002 1627 exclamat,
1017 1576 1074 1632 pro
1093 1559 1262 1619 caecatae

192 1644 293 1720 ausis]
319 1648 376 1713 dii,
399 1647 513 1721 inquit,
539 1649 626 1719 siqua
649 1651 691 1705 est
712 1648 791 1708 eaelo
808 1650 906 1720 pietas
929 1666 1003 1721 qaae
1026 1649 1100 1707 tatia
1122 1652 1209 1714 caret,

140 1736 359 1809 rependeant
387 1740 485 1808 pratee
516 1735 623 1808 diam
654 1740 681 1795 et
701 1738 841 1809 praemia
868 1738 995 1798 reddant
1021 1738 1131 1795 debita:
1167 1736 1210 1796 dii

191 1824 259 1897 tibi,
282 1824 337 1884 hoc
361 1827 406 1883 est
428 1826 613 1899 praesentes,
643 1825 682 1885 ad
706 1845 834 1900 quorum
858 1844 889 1885 se
913 1825 1088 1902 suffragium
1111 1826 1210 1885 defen·

193 1913 365 1988 sionemque
398 1914 579 1988 contulerat,
611 1918 642 1973 et
674 1915 701 1973 si
732 1918 777 1973 est
808 1915 840 1971 in
873 1915 956 1975 eaelo
984 1915 1086 1989 aliqua
1113 1916 1210 1990 pietas

191 2002 350 2062 numinum
374 2021 450 2077 quae
473 2002 587 2061 nefarie
609 2003 767 2063 commissa
785 2005 943 2078 reciprocis
962 2004 1127 2063 ultionibus
1145 2005 1210 2064 vin·

193 2092 302 2163 dicent,
324 2091 499 2166 persolvant
521 2093 636 2152 meritis
659 2094 722 2151 tuis
740 2092 968 2152 detestabilibus
987 2111 1128 2169 congrua.
1165 2094 1211 2150 in·

140 2204 179 2249 ,ao
194 2182 268 2256 cipit
291 2182 352 2237 iam
375 2183 463 2239 unius
486 2180 560 2240 faeti
582 2183 709 2240 crimina
731 2200 896 2241 memorare
915 2182 1047 2241 dilatans
1065 2181 1212 2242 invidiam

194 2271 331 2345 quamvis
359 2272 391 2327 in
418 2269 512 2329 hostis
537 2289 703 2346 personam.
749 2273 800 2344 qai
822 2274 887 2330 aati
910 2288 1009 2330 coram
1030 2288 1075 2329 rae
1097 2288 1212 2329 ceram

193 2361 281 2417 tetam
304 2360 397 2431 fecisti
420 2364 446 2417 et
462 2362 579 2432 patrios
601 2359 726 2433 foedasti
748 2361 852 2432 faeere
874 2361 986 2418 cattas:
1018 2360 1074 2419 boe
1101 2379 1137 2417 ex
1164 2378 1211 2418 ce-

193 2450 313 2507 easione
340 2448 488 2507 obiciebat
510 2448 624 2522 Pyrrho
653 2468 708 2524 pro
731 2450 867 2522 erimine,
897 2450 983 2523 quasi
1004 2448 1124 2508 Politen
1146 2449 1211 2524 ipse

152 2574 156 2579 ·
194 2537 369 2611 distulisset,
392 2539 519 2596 utente
543 2556 596 2596 ora
618 2540 778 2613 parentum
801 2537 997 2611 occumberet,
1023 2539 1110 2613 quasi
1133 2537 1213 2616 quod

149 2650 178 2691 25
195 2645 281 2689 casus
305 2627 449 2688 attulerat
473 2626 588 2686 alienus
611 2628 718 2702 culpae
742 2626 861 2685 deberet
885 2626 1039 2702 adplicari.
1077 2628 1130 2702 qui
1147 2629 1213 2686 nati

194 2734 295 2780 coram
318 2734 365 2773 me
389 2734 507 2774 cernere
531 2716 626 2775 letum
648 2717 749 2775 fecisti
771 2719 801 2773 et
824 2713 941 2791 patrios
962 2716 1091 2776 foedasti
1109 2717 1213 2775 funere

194 2805 310 2866 vultus:
349 2824 408 2863 non
436 2804 539 2880 culpat
565 2805 695 2880 hostem,
724 2806 805 2880 quod
828 2805 945 2864 Politen
968 2806 1078 2865 occidit
1106 2797 1212 2887 (stulte

269 3000 282 3046 1
305 2994 391 3061 polito
410 2992 462 3044 LIt
481 2994 566 3059 polite
588 3010 602 3045 r
625 2994 733 3047 Palitae
757 2993 814 3058 ed.,
838 2993 889 3046 sed
908 2999 959 3047 663
979 2995 1077 3061 politis
1100 2993 1158 3045 th.

196 3065 374 3127 Marianam
393 3064 436 3117 ed.
505 3065 635 3117 baioarii
652 3064 671 3116 i.
687 3079 710 3117 e.
730 3064 875 3118 currendo.
942 3070 958 3117 5
978 3072 1035 3118 tam
1052 3064 1105 3117 LR
1123 3070 1213 3119 tamea

195 3135 345 3188 LHman.
365 3153 386 3189 r.
404 3141 408 3200 Ι
425 3136 563 3189 absterruit
580 3133 633 3187 th
651 3150 719 3188 corr.
738 3153 761 3189 r.
835 3141 851 3188 6
870 3137 995 3203 quaesita
1014 3135 1057 3190 cd.
1132 3140 1214 3191 iaec

195 3207 248 3262 LR
266 3225 333 3261 raam
352 3207 395 3261 ed.
421 3207 425 3276 Ι
454 3204 746 3274 seqaiLRcoreseqai
764 3205 875 3275 Ripae.
957 3211 972 3264 8
992 3210 1144 3262 currentem
1161 3205 1214 3260 th

197 3279 264 3332 -rado
282 3296 297 3330 r
314 3294 427 3334 acerreae
445 3277 488 3330 ed.
512 3279 516 3343 Ι
541 3278 617 3330 alias
634 3276 656 3330 L
676 3276 766 3348 alias(
782 3294 847 3330 eum
864 3293 963 3337 rasura
981 3278 1006 3330 R
1024 3277 1112 3331 aliam
1129 3294 1144 3330 r
1162 3279 1213 3331 ali·

196 3351 276 3407 caius
293 3349 339 3403 ed
393 3354 462 3401 8-9
479 3364 636 3415 permissere
655 3347 794 3416 aceepitlr
809 3366 877 3402 -rem
890 3366 916 3402 a.
931 3348 956 3400 R
970 3348 1173 3417 percursionem
1187 3366 1213 3403 a.

197 3420 241 3474 etl.
257 3437 402 3488 percussor
420 3420 524 3487 excepit
541 3435 600 3472 nos.
684 3425 718 3472 10
737 3436 807 3487 quas
824 3418 877 3474 LR
895 3436 979 3487 qaam
996 3436 1018 3471 r.
1099 3422 1133 3471 13
1148 3436 1213 3488 pro·

196 3492 303 3545 cecavit
320 3509 341 3544 r.
359 3494 363 3559 Ι
379 3498 452 3545 at—
464 3497 497 3543 14
516 3492 594 3544 ausis
612 3490 692 3543 deest
710 3490 740 3543 in
753 3489 814 3557 LR,
830 3490 879 3543 scd
894 3489 1063 3566 explicatur,
1082 3490 1134 3543 tibi
1149 3493 1215 3559 poet

196 3564 290 3631 iaqait
308 3564 406 3615 eontra
425 3565 546 3614 metrum
563 3561 683 3620 inseruit
701 3561 762 3629 LR,
781 3561 874 3615 delevi
894 3579 956 3614 eum
975 3561 1018 3621 ed.
1102 3565 1138 3613 ιδ
1154 3562 1219 3614 cin-

198 3635 268 3689 dicet
287 3634 329 3687 cd.
417 3639 450 3685 21
464 3650 614 3701 persoaam
632 3632 685 3687 LIt
704 3633 752 3689 ed.¹
764 3641 905 3705 personat
990 3638 1030 3687 ‘bb
1049 3628 1245 3687 atanassi&

195 3707 310 3757 alteratas
326 3704 368 3755 ed.
383 3704 395 3772 s
411 3706 544 3760 debuerat
561 3704 615 3760 th
635 3707 814 3770 eddeberet
831 3725 898 3770 nos.
1058 3731 1059 3735 ¹
1218 3723 1220 3727 ·
