2734 4159
568 327 751 384 hunmnos
768 327 808 384 IV
1135 328 1201 393 383

186 500 219 557 ut
245 499 286 558 sit
311 497 402 557 torsit
429 498 530 558 oculos
558 497 597 556 ad
624 497 742 557 moenia
770 502 801 556 et
829 497 867 555 ad
895 514 944 555 eos
973 499 1026 572 qui
1049 498 1202 557 amoribus

185 590 328 648 vacarent
361 588 481 647 reiectis
517 585 654 662 partibus
692 587 859 646 honestatis
896 587 927 644 et
963 587 1111 645 commodi
1147 588 1200 646 sui.

185 695 332 752 nusquam
359 675 401 735 sic
427 675 504 735 vitia
531 678 641 735 amoris
667 694 806 752 expressa
829 678 899 736 sunt
920 676 956 734 ut
977 677 1009 733 in
1032 677 1089 735 hoc
1112 676 1202 750 libr03

185 766 235 825 ubi
258 765 338 823 enim
362 784 446 824 amor
467 764 674 839 intervenerit,
702 765 779 823 nihil
802 768 922 840 praeter
944 764 1099 823 libidinem
1122 766 1202 841 cogi·

164 857 281 927 statur,
304 872 364 912 non
386 854 462 932 utile
485 854 601 929 aliquid
625 856 793 929 quaeritur,
816 853 1011 914 commoditas
1034 855 1126 929 nulla,
1150 854 1202 914 ho·

184 948 284 1003 nestas
312 943 396 1001 nulla
422 946 583 1020 tractatur,
612 941 694 1002 subit
720 943 912 1021 neglegentia
939 943 1072 1002 omnium
1094 963 1202 1016 rerum,

184 1034 307 1111 negotia
328 1031 512 1104 differuntur,
531 1031 622 1090 sicin
642 1032 823 1091 oblivionem
842 1034 968 1091 veniunt
987 1034 1096 1108 omnia,
1114 1035 1202 1108 quasi

184 1121 390 1181 universorum
418 1121 613 1181 commoditas
639 1124 760 1180 actuum
783 1124 815 1179 in
839 1122 902 1180 solo
926 1140 1025 1181 amore
1049 1125 1200 1182 consistat.

184 1216 245 1269 tam
262 1213 305 1269 stc
322 1211 508 1269 Mercurium
525 1210 695 1283 adloquitur
717 1228 753 1269 oc
775 1211 848 1270 tatia
870 1212 1000 1270 caedat.
1038 1213 1120 1280 cade,
1139 1229 1201 1284 ope,

153 1305 263 1369 tonate,
292 1317 363 1358 coco
386 1300 525 1374 zephyros
548 1302 574 1357 et
596 1300 694 1358 latere
711 1302 831 1373 planis:
862 1301 936 1359 vade
961 1300 1046 1375 quasi
1070 1300 1202 1359 officium

184 1390 293 1465 pedum
325 1390 523 1448 necessarium
555 1387 705 1467 significat
732 1393 762 1448 et
788 1393 894 1465 postea
923 1389 1000 1448 dixit
1027 1407 1095 1467 age,
1122 1392 1202 1463 nate,

183 1497 257 1538 voca
280 1478 424 1553 zephyros
449 1481 478 1536 et
496 1478 596 1536 labere
614 1478 723 1553 pinnis.
761 1497 828 1537 cum
846 1480 940 1556 igitur
958 1478 1035 1537 vade
1054 1482 1084 1536 et
1102 1477 1201 1536 labere

184 1568 334 1628 diversum
358 1570 407 1641 sit,
431 1566 577 1642 quomodo
599 1569 700 1642 potest
722 1568 893 1627 intellectus
917 1586 983 1625 cum
1005 1586 1058 1625 sua
1077 1566 1201 1644 integri-

183 1660 246 1717 tate
270 1653 418 1715 discerni?
464 1655 548 1729 vade,
572 1656 680 1731 inquit,
703 1675 777 1716 voca
801 1657 946 1731 zephyros
970 1660 1009 1730 et,
1037 1676 1104 1715 cum
1129 1656 1201 1715 flare

152 1766 172 1806 a
185 1746 344 1822 coeperint,
366 1746 467 1821 pinnis
489 1744 602 1818 labere;
625 1747 736 1821 pinnae
760 1745 838 1803 enim
861 1746 924 1804 sine
947 1749 1103 1804 ventorum
1127 1746 1201 1804 flatu

183 1836 331 1894 tardiores
363 1837 445 1908 sunt,
477 1837 599 1910 accepto
632 1838 733 1893 autem
770 1838 928 1893 ventorum
965 1834 1136 1894 adiumento
1168 1836 1201 1893 in

185 1926 370 1983 celeritatem
392 1925 517 1982 nimiam
541 1923 729 1982 concitentur
752 1927 782 1982 et
804 1926 870 1983 tota
890 1926 1065 1983 maturitate
1090 1924 1128 1982 ad
1152 1923 1200 1981 de-

185 2016 297 2073 stinata
319 2015 505 2087 perveniunt.
550 2013 799 2086 Dardanidesque
821 2014 935 2079 dacem,
960 2014 1053 2087 Tyria
1078 2012 1201 2072 Cartha-

182 2105 249 2176 9iae
276 2105 327 2175 qai
353 2119 432 2159 acac
460 2105 587 2175 expectat
612 2104 724 2175 fatique
751 2103 838 2161 dotas
864 2119 925 2160 noa
953 2104 1070 2174 respicit
1100 2103 1254 2170 antistas

152 2193 339 2265 aadlcqaere
362 2195 388 2249 et
410 2192 509 2249 celeris
532 2193 613 2264 defer
635 2210 700 2250 mco
724 2193 801 2250 dicta
818 2209 875 2265 per
893 2208 1000 2250 caras:
1023 2190 1099 2249 dixit
1117 2191 1201 2264 vade,

185 2280 260 2340 dixit
287 2281 343 2339 hoc
371 2281 470 2355 ipsum
493 2280 568 2338 vade
591 2300 651 2355 qua
674 2280 822 2339 facilitate
844 2282 941 2356 possit
964 2280 1085 2356 inpleri:
1117 2298 1201 2354 voca,

183 2371 292 2446 inquit,
310 2373 415 2428 ventos
439 2370 470 2427 et
492 2371 592 2444 pinnis
614 2368 723 2428 labere.
754 2368 949 2443 Dardanium,
968 2369 1076 2445 inquit,
1095 2368 1201 2427 ducem

185 2476 225 2534 ac,
249 2478 287 2517 ne
310 2459 456 2517 incertum
474 2458 637 2518 Mercurius
661 2457 785 2517 haberet
807 2458 846 2515 ad
870 2478 957 2534 quem
980 2458 1124 2517 mandata
1145 2458 1201 2516 illa

185 2552 282 2609 essent
304 2548 489 2623 perferenda,
513 2547 682 2625 designavit
704 2547 841 2623 Iuppiter
863 2549 955 2605 etiam
977 2548 1076 2606 locum
1099 2547 1200 2605 dicens

152 2652 174 2694 n
185 2636 277 2713 Tyria
305 2634 488 2713 Carthagine
517 2638 568 2711 qui
595 2656 674 2695 nunc
702 2639 838 2712 expectat
868 2637 997 2712 fatisque
1026 2636 1112 2696 datas
1140 2656 1200 2696 non

184 2728 306 2802 respicit
333 2725 429 2800 urbis,
457 2725 617 2802 adloquere
645 2729 675 2783 et
704 2726 806 2785 celeris
834 2726 917 2785 defer
943 2745 1010 2783 mea
1038 2726 1119 2785 dicta
1146 2746 1200 2802 per

185 2833 281 2874 auras.
327 2815 378 2873 ille
402 2818 459 2889 est,
482 2816 595 2890 inquit,
620 2815 658 2874 ad
681 2835 770 2891 quem
791 2817 934 2889 mitteris,
964 2816 1015 2891 qui
1038 2818 1199 2875 consisten-

184 2904 255 2963 dum
288 2903 367 2979 apud
400 2902 614 2981 Carthaginem
644 2904 794 2963 inutiliter
829 2907 919 2980 putat
950 2923 1004 2964 nec
1035 2906 1067 2963 in
1099 2905 1199 2963 animo

183 2993 274 3052 habet
302 3012 377 3067 quae
405 2993 453 3050 illi
479 2995 577 3052 terrae
601 2994 735 3052 fataliter
758 2994 921 3052 attributae
945 2995 1013 3052 sint.
1060 2994 1140 3069 quod
1163 2994 1199 3052 de

149 3096 171 3140 ao
185 3081 375 3157 Carthaginis
398 3082 565 3141 inimicitiis
588 3082 637 3140 hic
656 3084 785 3141 strictim
803 3082 918 3141 dictum
936 3082 1031 3141 estin
1049 3083 1200 3141 mandetis

182 3172 263 3230 infra
285 3172 392 3247 positis
415 3171 532 3246 plenius
556 3170 636 3229 dicit.
675 3174 705 3229 et
728 3171 830 3230 celeris
855 3172 937 3230 defer
958 3191 1025 3229 mea
1048 3171 1128 3230 dicta
1146 3191 1200 3247 per

255 3364 270 3410 2
290 3365 419 3412 occarent
437 3358 491 3410 LR
510 3365 637 3413 aacaates
655 3358 698 3411 ed.
717 3364 817 3412 cocant
835 3359 878 3413 ed.
898 3359 970 3428 post.
997 3362 1000 3425 l
1025 3360 1129 3413 retectos
1146 3357 1199 3411 Lu

184 3448 251 3484 corr.
263 3429 306 3483 ed.
323 3431 328 3500 Ι
344 3431 477 3484 commodi
489 3432 535 3483 sai
543 3429 595 3481 LR
604 3430 750 3483 commodis
764 3430 900 3483 adnotata
913 3430 1025 3496 lacuna,
1035 3444 1108 3498 qnae
1119 3428 1199 3482 nulla

183 3505 233 3567 est,
249 3501 315 3555 edF.
377 3506 391 3553 7
412 3502 506 3567 officio
524 3502 657 3571 langueat
673 3502 740 3569 post
757 3502 926 3567 differantur
944 3500 1074 3570 interpol.
1085 3500 1127 3554 ed.
1142 3517 1199 3554 non

183 3573 247 3628 hab.
263 3571 414 3625 LRHOU.
476 3578 508 3625 11
528 3573 602 3625 dicit
620 3590 669 3642 age
688 3572 740 3624 th
757 3572 825 3626 cade
844 3572 978 3642 interpos.
993 3573 1036 3627 ed.
1097 3577 1130 3625 20
1149 3573 1198 3626 od-

184 3646 290 3715 loquere
308 3645 416 3698 sceleris
434 3646 473 3711 (et
486 3642 571 3712 infra)
590 3643 650 3695 th.
707 3649 739 3696 21
758 3643 889 3708 felicitate
902 3643 935 3698 R.
991 3644 1205 3698 arneomai.
1241 3683 1246 3693 i

237 3720 270 3768 27
290 3715 405 3769 mitteris
421 3714 475 3768 LR
492 3722 519 3769 te
535 3715 612 3771 cnido
631 3714 674 3770 ed.
733 3719 767 3770 30
787 3716 917 3772 strictura
928 3716 991 3771 uit
1008 3726 1084 3769 corr<=
1101 3714 1151 3765 eh.
