2734 4159
574 356 759 413 renunes
777 358 803 413 v
1137 356 1204 424 485

182 526 342 603 religionis
365 545 455 586 eausa
481 545 536 585 nec
562 526 670 586 habuit
697 526 778 585 aliud
806 546 914 586 nomen
938 527 1019 602 quod
1045 530 1206 603 paternum

183 614 445 694 transgrederetur
476 616 640 689 adfectum,
676 619 722 675 est
754 618 833 675 enim
866 618 897 674 in
930 617 1026 691 patris
1055 619 1205 692 potestate

185 704 330 781 quicquid
358 707 403 764 est
429 706 462 762 in
489 704 658 765 substantia
685 706 827 777 filiorum,
858 704 905 764 illi
934 707 1054 764 tantum
1082 704 1207 765 debetur

186 795 334 869 quantum
353 794 470 853 Aeneas
492 796 557 870 ipse
579 796 689 854 vitioso
713 795 794 871 patri
817 795 873 853 hoo
896 796 942 852 est
965 793 1057 853 debili
1085 813 1119 853 ac
1142 795 1205 854 seni

155 882 356 942 sexhibuisse
377 886 570 943 monstratur.
616 883 744 959 denique
767 883 846 942 hunc
874 883 951 942 collo
980 885 1071 959 atque
1094 884 1205 942 umeris

185 972 269 1031 vexit
292 990 326 1031 ac
350 971 515 1048 desperatis
541 973 678 1031 omnibus
706 976 736 1032 et
759 991 852 1047 usque
883 972 922 1032 ad
948 973 1090 1031 ultimum
1117 971 1206 1030 finem

186 1061 310 1119 fortuna
347 1063 498 1120 saeviente
536 1062 688 1138 perductis
724 1065 777 1120 aut
810 1080 878 1120 curn
908 1065 994 1138 patre
1024 1061 1206 1120 desiderat

186 1148 313 1208 evadere
335 1152 390 1208 aut
412 1168 477 1209 oum
502 1168 537 1209 eo
560 1149 649 1210 finem
671 1153 806 1210 invenire
824 1150 953 1210 vivendi.
995 1151 1038 1208 sic
1057 1152 1136 1209 enim
1153 1149 1206 1208 ille

186 1241 322 1314 paternis
349 1239 421 1299 fatis
452 1257 506 1297 sua
530 1257 648 1315 quoque
671 1240 737 1299 fata
760 1241 927 1314 coniunxit,
954 1242 1001 1313 ut,
1025 1238 1206 1314 quicumque

144 1345 172 1385 ro
187 1330 265 1387 esset
283 1328 365 1387 vitae
382 1328 431 1387 vel
449 1329 554 1388 mortis
573 1332 707 1403 eventus,
729 1348 790 1389 non
809 1332 979 1405 separatum
1000 1328 1136 1403 alterum,
1155 1327 1206 1387 sed

186 1419 349 1493 utrumque
372 1418 521 1476 inveniret
544 1418 671 1493 socium,
699 1422 860 1494 utrumque
883 1419 1081 1476 coniunctum.
1128 1419 1206 1476 certe

187 1524 279 1581 quam
304 1507 480 1566 conveniens
503 1507 573 1565 huie
592 1508 658 1566 loco
681 1526 817 1584 persone,
841 1509 876 1566 ut
898 1508 923 1566 is
942 1506 1071 1565 Acesten
1094 1505 1208 1565 diceret

186 1597 306 1670 patrem
324 1596 357 1653 in
375 1613 436 1670 quo
455 1598 551 1654 omnis
569 1598 690 1672 paterni
707 1598 846 1671 nominis,
869 1597 961 1654 etiam
978 1597 1048 1670 post
1065 1594 1207 1654 ultimum

187 1684 277 1759 diem,
301 1703 359 1759 quo
377 1686 500 1744 recessit
514 1704 533 1743 a
546 1687 669 1761 superis,
688 1685 816 1745 inlibata
834 1684 1002 1744 reverentia
1015 1683 1205 1759 perdurabat.

147 1791 172 1833 re
187 1776 268 1832 certe
292 1776 323 1831 et
344 1773 421 1832 illud
443 1773 566 1833 Aenean
588 1775 763 1851 intellegere
790 1792 947 1850 possumus
975 1773 1097 1847 dixisse,
1127 1772 1207 1848 quod

186 1862 242 1922 illo
265 1863 386 1921 nomine
408 1865 472 1921 tam
499 1866 615 1939 sancto,
644 1866 707 1922 tam
734 1864 875 1941 religioso
898 1863 1028 1922 Acesten
1055 1862 1206 1937 appellare

187 1951 341 2026 voluisset,
365 1954 449 2011 cuius
472 1952 622 2011 adfectum
644 1972 700 2012 nea
718 1971 798 2012 mors
822 1952 940 2011 abolere
962 1951 1064 2027 potuit
1085 1970 1140 2009 nec
1162 1952 1205 2009 vi·

186 2040 279 2099 vendi
301 2039 369 2099 finis
393 2043 573 2119 extinguere.
614 2061 686 2101 aum
709 2047 735 2101 te
757 2043 849 2100 volvit
870 2058 922 2100 rec
943 2057 1070 2115 capnos
1090 2039 1207 2114 Olympi

186 2130 297 2189 talibus
321 2131 462 2203 auspiciis
485 2135 609 2191 woden
631 2132 736 2191 dacae
757 2132 909 2190 marem:
936 2147 1001 2188 ecce
1029 2130 1060 2187 et
1086 2129 1136 2187 hic
1159 2147 1206 2187 ex-

145 2237 172 2279 so
185 2220 312 2295 ponitur
339 2218 411 2294 quid
439 2218 480 2278 sit
506 2238 602 2279 sume:
635 2221 782 2296 auspicio,
814 2220 927 2294 inquit,
959 2219 1102 2294 sagittae,
1130 2235 1206 2293 quae

186 2309 346 2383 repentino
369 2307 567 2386 conflagravit
588 2307 739 2385 incendio,
763 2309 894 2368 ostendit
916 2324 1043 2385 magnus
1067 2309 1098 2365 et
1120 2325 1206 2365 vene·

185 2395 301 2455 rabilis.
321 2396 459 2472 Iuppiter
489 2396 631 2456 honorem
660 2401 692 2457 te
724 2398 830 2457 ducere
863 2399 963 2473 potius
996 2396 1115 2470 debere,
1147 2414 1207 2454 non

186 2485 335 2544 traditum
357 2486 435 2545 ferre
457 2504 511 2546 neo
533 2487 681 2562 pertinere
705 2488 743 2547 ad
767 2486 911 2546 iudicium
934 2485 1037 2559 sortis,
1065 2484 1118 2544 sed
1145 2502 1208 2543 ease

188 2573 396 2650 separandum.
447 2576 574 2651 denique
602 2595 670 2635 oum
698 2595 797 2636 errore
823 2576 954 2634 humano
984 2593 1092 2633 nomen
1120 2576 1208 2633 tuum

142 2684 172 2725 ss
188 2663 278 2740 galea
305 2682 372 2722 oum
400 2666 506 2723 ceteris
533 2667 707 2740 sustineret,
739 2684 798 2724 non
823 2665 911 2723 existi
938 2664 973 2722 de
1002 2667 1093 2738 sorte,
1128 2661 1207 2737 quod

188 2752 285 2810 divini
312 2754 425 2811 favoris
454 2754 526 2827 fuit3
559 2774 655 2830 neque
688 2757 767 2813 enim
798 2757 901 2813 tantus
933 2772 968 2812 ao
998 2752 1068 2811 talis
1101 2753 1207 2811 ceteris

188 2843 314 2917 aequari
341 2841 484 2917 debuisti,
516 2846 552 2901 ut
577 2844 700 2903 ludicris
729 2843 845 2903 actibus
873 2842 1072 2919 probarentur
1098 2842 1206 2899 merita

187 2934 251 3005 tua,
273 2934 442 2990 reservatus
461 2950 492 2990 es
511 2934 603 2991 sacrm
626 2933 724 3007 rebus,
747 2937 782 2991 ut
805 2932 889 2991 nobis
913 2949 967 3007 per
989 2933 1075 2989 tuum
1094 2930 1206 2988 factum

187 3019 284 3077 futuri
306 3021 450 3094 temporis
474 3022 629 3080 commoda
651 3024 896 3081 monstrarentur.
936 3023 1033 3093 ipsius
1051 3017 1198 3077 Anchisae
1208 3021 1262 3072 tat

261 3178 274 3224 1
291 3177 406 3240 propter
423 3172 580 3242 reliptbraem
598 3173 632 3240 R,
652 3174 702 3227 sed
720 3173 750 3225 in
769 3189 857 3241 marg.
875 3171 1018 3242 religiones
1036 3186 1122 3225 cause
1135 3193 1169 3214 =
1184 3168 1206 3221 L

187 3242 260 3312 (ipse
280 3259 315 3295 an
335 3244 385 3311 rt).
476 3244 608 3299 triticeo
627 3244 649 3296 L
667 3262 717 3299 sao
735 3244 769 3310 a,
789 3243 839 3297 sed
857 3243 887 3295 in
905 3258 994 3311 marg.
1013 3242 1111 3296 vitioso
1134 3240 1206 3310 (ipse

187 3330 225 3368 an
244 3317 286 3383 rr)
305 3314 419 3368 omed.
449 3317 453 3381 Ι
486 3314 592 3369 horest
610 3315 722 3369 omed.
815 3320 875 3368 flet
893 3314 1029 3367 om.ed.=
1098 3310 1207 3366 seoR

186 3403 249 3440 eum
267 3384 297 3438 L.
377 3390 666 3454 meorumque-10
684 3392 794 3441 euectus
812 3384 864 3438 th
883 3384 926 3438 ed.
1005 3389 1037 3437 11
1058 3389 1084 3437 et
1101 3389 1206 3437 utram·

186 3474 239 3527 pue
257 3456 300 3509 ed.
366 3462 399 3509 12
418 3457 462 3511 bis
479 3455 531 3508 LR
549 3457 594 3511 bic
612 3458 655 3511 ed.
674 3460 699 3512 is
717 3474 776 3511 uos.
838 3462 870 3509 13
888 3457 1005 3523 fratrem
1022 3455 1052 3507 L.
1114 3458 1148 3506 14
1165 3470 1206 3506 re-

185 3529 266 3583 oessit
284 3546 302 3581 α
320 3529 427 3596 superte
440 3527 493 3579 LR
510 3531 621 3582 accessa
638 3530 677 3583 ud
694 3545 806 3596 superos
825 3527 867 3580 ed.
950 3532 983 3581 lt
998 3542 1146 3595 possumus
1163 3525 1207 3577 ia-

186 3600 308 3669 teltepere
326 3598 359 3652 R.
451 3604 485 3652 22
506 3600 601 3667 potius
622 3600 715 3655 debere
734 3600 755 3653 L
775 3600 871 3669 potios
893 3600 990 3653 ducere
1013 3599 1039 3652 d.
1059 3596 1128 3665 Rp.
1149 3596 1206 3649 deb.

186 3687 242 3725 om.
261 3669 305 3724 ed.
398 3676 432 3725 ab
451 3671 561 3725 moirti
584 3670 627 3723 ed.
719 3677 752 3725 26
777 3670 909 3726 ceterisL
933 3671 999 3724 altis
1016 3668 1042 3721 R
1065 3667 1095 3721 in
1117 3682 1209 3737 marg.

185 3742 282 3798 ceteris
300 3742 371 3811 (ipse
391 3757 427 3794 an
446 3744 495 3811 r?).
