2734 4159
580 321 763 377 Anuumos
781 324 828 378 11·
1139 324 1204 389 239

186 491 351 551 obstinatio
379 494 544 567 superetur.
590 492 755 567 posthaec
778 511 855 569 quae
879 496 982 553 seouts
1004 494 1045 553 sit
1069 513 1128 554 vox
1155 494 1204 554 de

186 577 289 640 bemus
313 581 451 656 inserere,
474 581 534 641 fuit
556 598 635 656 earn,
658 582 752 656 utilis,
774 582 941 641 neoessaria
965 585 1057 658 etque
1079 583 1204 644 honesta

186 674 216 729 et
248 669 286 729 ad
322 670 560 745 persuadendum
595 670 852 731 vehementissime
885 671 1117 732 aooommodato.
1168 676 1257 733 siolo

180 761 334 832 periturae
361 760 440 828 abis,
468 764 495 818 et
514 776 569 818 noe
591 777 664 834 rape
686 762 720 819 in
742 762 841 819 omnio
856 764 969 829 trouu,
996 763 1045 821 sire
1073 763 1204 835 aliquam

140 852 321 922 teupertus
343 851 468 922 sumptis
491 865 572 922 spem
589 851 680 923 ponis
697 852 730 907 r're
748 851 850 919 armtr,
867 850 1092 923 honorariorum
1109 855 1205 910 tutare
1284 872 1287 875 ’

185 940 310 996 domum.
357 939 406 997 eat
423 954 538 1011 paruae
561 938 659 1007 Iulus,
681 941 729 998 eal
745 942 834 1012 pater
857 943 883 998 et
904 940 1032 998 cortone
1056 941 1205 1013 quondam

185 1031 236 1085 lua
259 1028 338 1085 dicta
360 1027 530 1100 relinquor?
567 1026 805 1102 considerauit,
829 1046 888 1104 quo
911 1028 985 1103 loeo,
1010 1047 1069 1105 quo
1090 1030 1130 1089 sis
1148 1048 1203 1090 nos

184 1120 319 1191 temporo
341 1116 508 1191 relieturus,
532 1118 582 1175 oui
604 1118 702 1176 omnis
724 1116 857 1192 inbellis,
880 1118 940 1177 nisi
962 1117 1092 1177 munitos
1116 1118 1202 1177 dimi·

185 1206 272 1278 seris,
302 1204 477 1265 traditurus.
528 1223 595 1263 oum
627 1205 702 1264 dieit
734 1206 794 1281 eui,
826 1205 943 1266 hostem
975 1206 1080 1282 proeul
1112 1206 1202 1267 dubio

138 1313 169 1354 ³10
185 1293 342 1371 signifieat.
389 1295 465 1353 feeit
491 1297 591 1352 autem
617 1294 836 1356 ordinationem
858 1312 1053 1372 personarum
1076 1296 1203 1355 admira-

185 1382 289 1441 bilem:
312 1384 475 1460 relinques,
496 1385 606 1459 inquit,
627 1382 726 1443 filium
748 1403 883 1459 parvum,
902 1385 1053 1461 relinques
1076 1385 1203 1444 debilem

184 1475 310 1548 patrem,
332 1474 482 1548 relinques
505 1492 635 1547 uxorem,
655 1491 686 1532 se
709 1474 800 1532 tertio
818 1474 884 1533 loeo
903 1473 959 1534 hoo
978 1478 1024 1534 est
1041 1474 1203 1535 novissimo

184 1563 300 1637 posuit3
337 1565 391 1621 aut
422 1563 503 1621 onim
534 1565 602 1637 post
633 1560 730 1620 filium
757 1564 788 1621 et
814 1565 932 1639 patrem
959 1566 1055 1623 amari
1081 1583 1203 1623 uxorem

183 1652 305 1726 putavit
328 1654 382 1710 aut
402 1650 598 1710 soreeundiae
622 1669 714 1712 eausa
737 1651 836 1711 noluit
858 1671 889 1712 se
912 1672 1096 1729 praeponere
1121 1655 1203 1730 patri

142 1760 168 1801 ιε
184 1740 232 1798 vel
259 1739 321 1799 filio
350 1742 403 1800 eut
429 1739 461 1798 in
490 1738 677 1800 ordinatione
706 1740 786 1816 quod
813 1743 1026 1802 aestimaverat
1047 1743 1148 1818 potius
1169 1744 1202 1801 in
1244 1760 1247 1771 ’

183 1827 304 1888 adfectu
326 1829 406 1905 apud
430 1831 529 1888 virum
552 1829 656 1889 debuit
682 1829 823 1889 ultimum
850 1833 1044 1906 constituere,
1071 1850 1109 1890 ne
1135 1851 1201 1907 per·

183 1936 324 1978 sonarum
348 1919 536 1994 sequentium
559 1920 730 1978 vinceretur
748 1919 875 1980 adfectu.
916 1921 1105 1980 tractabatur
1123 1920 1201 1979 enim

183 2027 220 2065 ue
242 2009 276 2065 in
299 2008 509 2083 captivitatem
531 2010 677 2084 venirent,
700 2010 732 2070 in
756 2027 817 2085 qua
839 2010 925 2086 peior
951 2012 997 2070 ost
1022 2011 1202 2069 feninorum

183 2096 232 2155 vel
263 2099 392 2156 maxime
423 2099 457 2155 in
488 2115 577 2156 eausa
610 2098 749 2176 coniugii.
803 2098 930 2175 denique
962 2098 1018 2159 hoe
1050 2098 1139 2157 dixit:
1171 2102 1203 2158 et

141 2207 168 2246 ro
183 2187 312 2243 coniunx
336 2186 486 2261 quondam
508 2189 563 2246 tua
585 2187 666 2245 diota
693 2185 867 2264 relinquor?
913 2187 1021 2246 abhinc
1047 2207 1123 2247 uxor
1148 2190 1202 2246 tua

183 2292 245 2332 non
268 2293 330 2348 ero,
350 2276 376 2332 si
399 2276 512 2351 eoeptis
534 2277 596 2335 tuis
619 2278 844 2352 perseveranter
870 2277 1026 2336 institeris.
1071 2278 1098 2335 si
1124 2278 1201 2352 peri-

183 2366 270 2421 turus
294 2363 367 2437 abis,
391 2367 422 2421 et
443 2382 497 2423 nos
519 2384 592 2440 rapo
615 2367 648 2424 in
671 2367 772 2424 omnia
794 2370 902 2439 tecum,
925 2365 973 2424 siu
996 2365 1129 2441 aliquam
1144 2384 1200 2424 ex·

182 2456 286 2527 pertus
310 2454 438 2528 sumptis
461 2470 545 2529 spem
567 2455 654 2529 ponis
676 2456 709 2511 in
733 2456 832 2529 ermis,
850 2453 928 2512 hano
951 2456 1082 2530 primum
1098 2456 1200 2515 tutare

184 2540 315 2601 domum.
352 2543 401 2599 oui
423 2560 535 2617 parvus
556 2541 649 2617 Iulus,
668 2544 717 2601 eui
739 2546 828 2619 puter
849 2546 882 2602 st
903 2543 1031 2602 ooniunx
1050 2544 1200 2620 quondam

141 2651 168 2691 ee
182 2635 238 2690 tua
266 2629 347 2689 diota
375 2630 547 2705 relinquor?
592 2634 619 2691 si
645 2631 746 2692 taedio
776 2632 942 2691 infelicium
973 2652 1072 2691 rorum
1103 2635 1199 2693 marte

183 2718 318 2794 disponis
342 2719 523 2793 oeoumbere,
547 2720 636 2779 simul
658 2723 758 2779 teoum
781 2740 942 2800 pergamus
964 2722 1105 2797 universi,
1123 2741 1200 2782 unus

182 2810 279 2867 exitus
306 2812 425 2888 premat
447 2827 521 2884 quos
543 2808 624 2868 idem
649 2809 785 2869 devinxit
811 2809 1127 2886 adfectus,·sit·fslix
1153 2812 1199 2869 in*—

181 2900 289 2956 teritus
312 2899 422 2972 noster,
440 2902 483 2973 ut,
502 2918 569 2958 oum
588 2900 684 2958 omnis
704 2897 903 2975 absumpserit
921 2901 1024 2975 letum,
1041 2920 1101 2961 non
1120 2904 1201 2961 extet

182 2989 236 3061 qui
269 2987 396 3045 alterum
428 2990 541 3065 gemat,
575 3007 635 3047 non
672 2992 827 3049 remaneat
862 2994 1011 3065 superstes
1048 2992 1199 3066 quispiam

255 3214 269 3262 1
289 3216 466 3278 superaretur
484 3211 528 3265 ed.
554 3213 558 3281 Ι
587 3216 731 3265 conmeatu
748 3214 785 3267 stt
802 3212 855 3266 LR
872 3229 942 3281 qaae
959 3229 981 3267 e.
1001 3229 1021 3267 a.
1041 3229 1055 3265 r
1072 3228 1142 3281 quoe
1158 3228 1197 3267 ee·

181 3286 246 3335 eata
265 3297 285 3335 s.
305 3297 356 3335 nos
374 3281 470 3352 inepte
488 3285 557 3337 mut.
577 3283 620 3338 ed.
694 3288 712 3336 4
731 3284 830 3338 abisset
846 3299 898 3352 pro
917 3284 978 3338 abia
996 3289 1022 3338 et
1039 3283 1068 3337 L.
1139 3288 1200 3350 oret

182 3354 254 3407 ianr
273 3352 325 3405 LR
344 3370 412 3408 oorr.
431 3371 453 3408 r.
515 3360 616 3423 lqaos
632 3355 677 3408 bis
694 3353 716 3407 L
735 3370 788 3424 quo
805 3356 845 3409 aia
862 3354 892 3407 in
911 3369 965 3408 ras.
985 3354 1018 3408 R.
1073 3359 1089 3406 8
1108 3370 1199 3409 omues

181 3423 236 3477 LR
254 3441 337 3493 quam
356 3442 446 3479 orarem
463 3441 514 3480 raes
532 3426 575 3481 ed.
593 3429 597 3496 Ι
617 3426 675 3480 nisi
688 3423 809 3480 resultes
823 3426 930 3480 omed.
991 3432 1023 3480 11
1043 3426 1200 3494 relinqueres

181 3498 258 3563 inqu.
269 3495 372 3550 Roorr.
382 3514 403 3551 r.
460 3501 494 3551 16
512 3499 545 3553 in
558 3512 611 3551 om.
623 3497 666 3551 ed.
684 3500 688 3567 Ι
704 3498 908 3553 existimaverat
926 3497 969 3551 sd.
1023 3501 1056 3550 11
1071 3497 1198 3563 affectura

181 3566 204 3618 L
223 3572 267 3620 -ue
286 3583 349 3620 oum
367 3584 421 3622 ras.
432 3568 465 3623 a.
523 3574 556 3622 18
573 3570 652 3638 petor
669 3574 709 3623 eet
726 3568 748 3621 L
764 3569 884 3638 peiorem
901 3568 929 3622 R
945 3567 1021 3639 lesit.
1038 3567 1216 3634 ammixtum

177 3654 207 3705 p.
223 3655 243 3690 e.
259 3639 383 3693 condicio
402 3639 443 3693 ed.
504 3645 538 3695 10
556 3639 639 3697 euiL
654 3640 699 3697 ed.
715 3641 768 3700 use
780 3640 810 3698 R
827 3642 907 3699 dicto
927 3639 1085 3707 oomipse
1099 3634 1155 3687 uox
1166 3648 1198 3682 x.

177 3714 214 3757 22
229 3708 308 3759 abhas
322 3708 381 3763 La.
458 3717 493 3765 26
513 3716 614 3772 marite
633 3715 690 3773 LR
710 3719 799 3776 uwrtt
819 3717 867 3773 od.
888 3717 984 3773 mutto
996 3711 1038 3767 u
1051 3722 1126 3762 uos.
