2734 4159
473 359 486 405 Γ
574 362 758 418 AENEIDOS
777 355 815 416 VI
1137 362 1203 428 615

186 534 248 591 iam
274 534 378 593 tactas.
423 534 470 592 bic
495 546 558 593 rem
583 533 753 593 Romanam
779 549 885 606 manno
906 533 1051 592 ‘turbante
1077 534 1204 591 mmnttn

185 624 266 681 sistet
293 640 391 696 mnes:
421 622 482 697 hic,
510 623 623 698 inquit,
650 623 800 681 labantem
825 620 958 680 firmabit
978 621 1202 697 rempublicam.

186 715 292 770 sternet
312 712 424 770 Poenos
449 711 625 786 Gaitmnqne
646 712 793 771 rebellem:
815 729 875 770 non
893 730 986 769 unum
1005 708 1133 785 Gallum,
1152 710 1203 769 sed

188 798 319 859 Galliam
339 802 449 875 totam3
472 800 617 860 variando
637 803 717 860 enim
735 818 873 860 numeros
891 798 1014 858 meliore
1033 800 1205 876 eloquentia

161 892 219 949 set
236 888 351 949 Poenos
373 891 471 967 ipsius
493 892 605 949 virtute
629 908 751 949 casuros
774 888 852 948 dixit
870 886 1030 947 etGallos.
1065 892 1205 962 tertiaque

187 996 273 1037 arma
295 980 380 1052 patri
406 981 562 1052 weriot
587 984 674 1052 capta
697 979 837 1053 Qnirimo:
868 979 957 1053 capta
985 996 1069 1036 arma
1095 978 1204 1037 tertius

186 1069 251 1143 ipse
273 1068 355 1145 patri
379 1066 503 1135 Quirino
527 1068 694 1143 suspendet.
733 1067 792 1129 duo
811 1069 922 1144 quippe
942 1070 1011 1125 ante
1029 1068 1130 1143 ipsum
1148 1067 1204 1127 hoc

186 1158 292 1217 fecisse
322 1157 518 1235 intellegendi
550 1160 632 1233 sunt,
665 1158 786 1232 quando
822 1157 871 1216 hic
908 1157 1057 1216 adseritur
1088 1158 1203 1217 tertius.

187 1250 272 1319 atquc
293 1247 340 1304 bic
357 1244 476 1305 Aeneas
498 1247 576 1318 (maa
596 1262 724 1320 namqne
741 1249 784 1308 ire
802 1247 918 1306 ridebat
936 1247 1080 1320 eprepinm
1097 1248 1258 1320 formasti

147 1354 174 1395 ro
187 1336 319 1394 invenem
350 1340 377 1395 et
406 1335 586 1409 fnlpentibns
617 1338 725 1404 amnis,
752 1338 803 1395 sed
829 1337 913 1409 frons
940 1336 1018 1395 laeta
1039 1354 1153 1411 param
1180 1340 1206 1395 et

188 1426 292 1483 imeae
319 1426 435 1483 immina
463 1423 575 1497 eninm
606 1427 637 1483 et
663 1425 713 1484 hic
735 1425 820 1484 locus
842 1424 1080 1501 interrumpendi
1102 1442 1204 1483 narra·

187 1515 278 1573 tionis
297 1515 554 1572 continuationem
571 1515 682 1573 retinet
701 1532 829 1573 oausam.
861 1514 1204 1592 interrogationesenim

188 1604 218 1661 et
245 1603 451 1677 responsiones
478 1623 539 1661 non
566 1605 686 1662 tantum
708 1604 842 1663 taedium
864 1621 924 1661 non
946 1602 1070 1676 habent,
1098 1602 1150 1662 sed
1175 1605 1205 1661 et

187 1690 334 1750 iucundae
366 1695 463 1766 suut,¹
483 1692 563 1767 quod
595 1711 689 1771 genus
720 1694 752 1751 in
783 1692 909 1769 dialogis
942 1695 1084 1769 praestat.
1130 1694 1205 1767 qais,

148 1785 279 1854 reputer,
302 1782 352 1840 iiie
374 1784 472 1840 oirmn
495 1784 547 1854 qni
568 1784 611 1842 sic
633 1785 787 1841 comitatur
810 1785 931 1849 enatem,
950 1780 1032 1853 silim
1055 1799 1132 1841 anne
1151 1782 1205 1841 aii·

188 1872 254 1943 qais
275 1888 386 1944 mapna
408 1872 444 1929 de
466 1874 557 1944 stirpe
577 1873 734 1946 nepotum?
763 1873 815 1946 qni
841 1872 978 1946 strepitos
1005 1871 1084 1930 circa
1111 1873 1260 1930 comi-865

188 1960 270 2017 tnm?
297 1963 440 2033 qnantum
466 1964 563 2020 instar
589 1962 624 2021 in
649 1961 813 2034 ipsoi'sed
839 1978 898 2019 noa
926 1964 993 2019 atra
1020 1965 1109 2033 capnt
1130 1963 1206 2019 trist

188 2050 377 2109 circumvolat
397 2051 517 2109 nnana:
547 2069 615 2109 cum
637 2050 754 2109 Aeneas
777 2051 863 2108 iuxta
885 2048 1060 2107 Marcellum
1082 2050 1207 2109 vidisset

188 2139 326 2196 iuvenem
358 2142 438 2198 staro
473 2140 626 2216 egregium
661 2140 758 2198 forma
795 2141 885 2214 atque
922 2140 1013 2197 armis
1050 2140 1205 2216 insignem,

148 2245 175 2284 ao
189 2227 287 2286 fronte
310 2229 412 2286 tamen
434 2247 542 2303 parum
564 2228 654 2302 laeta,
676 2229 733 2288 hoc
756 2231 801 2287 est
819 2228 901 2286 tristi
920 2232 950 2287 et
967 2228 1100 2303 proiecto
1118 2229 1206 2288 vultu

190 2315 228 2373 ad
250 2319 374 2374 terram:
398 2318 475 2391 quis,
497 2318 607 2393 inquit,
629 2318 688 2376 iste
701 2313 800 2391 'esto
823 2319 918 2392 pater,
937 2318 989 2392 qui
1011 2318 1090 2376 inter
1112 2318 1205 2394 pluri·

189 2423 253 2463 mos
283 2404 419 2463 Marcelli
450 2406 573 2465 comites
605 2405 665 2482 ipsi
695 2406 743 2464 illi
775 2406 955 2465 familiarius
988 2408 1108 2467 iunctus
1141 2405 1206 2466 est?

189 2494 268 2552 filius
292 2497 337 2553 est
360 2513 399 2552 an
422 2495 532 2569 aliquis
554 2496 743 2571 posterorum
767 2498 830 2553 eius
853 2495 902 2552 vel
926 2515 960 2555 ex
988 2494 1050 2554 eius
1079 2494 1207 2573 genere?

189 2582 237 2640 vel
270 2577 344 2657 quid
376 2582 434 2641 sibi
465 2584 531 2641 vult
567 2584 710 2659 strepitus
748 2588 945 2660 congregatae
981 2583 1206 2645 multitudinis?

150 2688 175 2727 rs
189 2672 290 2745 placet
321 2671 401 2729 enim
431 2672 507 2729 mihi
538 2672 636 2731 instar
667 2674 744 2746 eius,
775 2673 833 2732 hoc
862 2676 908 2731 est
935 2674 1067 2748 corporis
1096 2676 1206 2733 forma:

145 2786 147 2791 ·
190 2759 318 2817 sedeur
339 2759 479 2821 tenebrae
503 2764 593 2837 caput
616 2762 680 2821 eius
703 2760 887 2820 fuscaverint
906 2780 993 2821 nosse
1012 2763 1108 2837 cupio.
1145 2769 1206 2823 tmm

185 2852 273 2921 pater
294 2846 437 2909 Anchises
459 2852 591 2910 lacrimis
612 2852 762 2923 inpressas
785 2846 906 2910 obortis:
931 2850 1094 2910 secundum
1117 2872 1206 2927 quae-

191 2940 250 2997 sita
277 2938 401 2997 instruit
426 2938 524 2998 filium
551 2940 696 2999 Anchises
721 2941 863 3000 lacrimas
890 2939 1025 3000 fundens.
1071 2957 1087 2998 o
1111 2946 1206 3015 pnate,

190 3031 332 3102 inpentem
355 3027 464 3088 Mum
485 3047 523 3088 ne
545 3046 652 3101 qnam
673 3034 804 3090 tnornm
835 3030 939 3104 nolim,
961 3028 1014 3104 fin,
1037 3049 1114 3104 quae
1137 3034 1208 3089 sunt

149 3132 176 3173 so
190 3117 320 3194 lugenda
346 3117 503 3193 perquiras
530 3137 584 3177 nec
611 3119 702 3177 velim
730 3121 806 3180 scias
828 3121 949 3178 tuorum
974 3118 1107 3195 adversa,
1130 3138 1207 3195 quae

262 3326 278 3374 2
297 3323 373 3389 equis
391 3322 417 3375 V
434 3324 468 3376 ut
485 3322 512 3376 R
529 3323 586 3378 Ver
607 3324 655 3375 ‘''.
674 3327 679 3394 Ι
698 3325 830 3391 formabit
847 3289 872 3377 V
892 3342 960 3379 corr.
980 3326 1023 3380 ed.
1084 3330 1100 3379 6
1115 3326 1208 3394 patris

191 3392 222 3445 V.
248 3396 251 3460 Ι
277 3396 371 3460 capita
384 3393 416 3447 V.
439 3398 442 3463 Ι
468 3396 562 3463 capita
619 3402 753 3465 captaque
772 3396 814 3449 ed.
834 3403 916 3465 capta
933 3414 992 3450 nos.
1049 3403 1081 3450 11
1100 3398 1207 3451 inrnm·

186 3464 295 3532 pendae
313 3464 339 3516 V
356 3465 399 3518 ed.
419 3467 639 3535 interrumpendi
656 3483 715 3520 nos.
746 3469 750 3536 Ι
783 3469 943 3523 narrationi
961 3468 1004 3522 ed.
1092 3474 1125 3521 12
1144 3484 1206 3523 eon-

191 3536 357 3590 tinnationis
375 3536 418 3590 ed.
486 3542 519 3590 16
539 3538 587 3606 qni
604 3540 734 3605 strepitos
747 3538 773 3592 V
808 3540 853 3593 nis
870 3545 917 3593 str.
933 3539 976 3593 ed.
1046 3545 1078 3593 17
1097 3541 1129 3593 in
1148 3540 1208 3609 ipso

191 3606 274 3687 Vuest
292 3606 415 3660 added.
490 3612 523 3661 18
542 3609 667 3664 inccta-V
689 3556 837 3664 circaflO
856 3610 899 3664 ed.
973 3616 1007 3664 22
1026 3612 1083 3680 ipse
1102 3612 1145 3665 ilii
1162 3611 1207 3677 fa-

192 3678 327 3732 miliarior
339 3678 365 3731 V
384 3681 439 3748 ipsi
457 3696 508 3733 nos
527 3682 599 3735 -rins
616 3680 660 3735 ed.
717 3682 1022 3749 22—23est1ilinsest
1042 3682 1148 3736 V-mut.
1163 3682 1207 3737 ed.

245 3752 278 3801 28
298 3749 419 3805 lacrimis
436 3752 557 3817 fundens
574 3752 607 3806 V.
629 3755 633 3823 Ι
659 3758 723 3807 nate
742 3752 784 3807 ed.
852 3757 886 3806 30
905 3754 995 3807 aetiim
1012 3753 1046 3807 V.
1115 3768 1126 3776 '¹
