2734 4159
568 326 752 382 AENEIDOS
770 326 810 381 111
1136 327 1203 392 313

182 497 287 556 dolens
315 499 435 571 ereptae
462 496 519 556 sibi
547 498 660 571 uxoris,
688 515 797 575 magno
824 515 924 555 amore
947 496 1010 556 eius
1034 497 1202 576 exagitatus

182 586 266 646 ultus
294 588 340 645 est
367 603 397 645 se
426 587 456 645 et
483 585 522 644 ad
545 604 612 645 aras
634 588 749 661 patrias
772 587 927 645 incautum
950 588 1097 646 mactavit
1119 586 1202 645 adul-

182 679 290 734 terum.
336 675 392 733 hoc
423 675 504 734 fecto
535 693 693 748 coquorum
723 676 839 734 reddito
871 676 954 733 cessit
975 692 1053 748 pora
1079 675 1202 744 Heleno,

183 767 236 837 qui
255 764 400 824 Olmonios
422 766 589 837 coquomiua
612 780 728 837 compos
749 763 966 837 Chaoniamque
988 781 1101 823 omnem
1121 766 1258 824 Tro-835

154 857 255 913 siano
272 871 293 911 a
314 852 430 913 Chaerea
448 852 530 913 dixit.
567 871 633 912 ecce
656 853 775 911 rettulit
798 871 857 927 quo
876 852 979 913 ordine
999 853 1036 911 ad
1054 853 1202 912 Helenum

183 944 277 1002 etiam
308 943 394 1019 regni
425 944 559 1018 potestas
591 943 773 1017 pervenerit,
809 961 869 1017 qua
900 945 1020 1018 sumpta
1052 942 1202 1001 adfectum

183 1033 317 1090 retinens
340 1033 457 1106 patriae
480 1032 602 1110 gentilis
625 1033 749 1106 propter
770 1033 936 1106 praesentis
958 1031 1101 1107 tempon's
1125 1032 1201 1091 sola-

184 1123 265 1179 cium
294 1123 324 1179 et
350 1121 490 1195 plurimis
517 1121 590 1179 locis
618 1120 750 1179 Troiana
778 1120 890 1179 indidit
918 1122 1041 1179 nomina
1069 1123 1099 1180 et
1125 1121 1203 1179 hanc
1290 1150 1292 1156 π

183 1214 298 1269 terram
322 1207 486 1269 Chaoniam
509 1209 585 1268 dixit
606 1212 730 1285 propter
751 1211 927 1269 memoriam
951 1208 1088 1284 Chaonis,
1114 1229 1202 1285 quem

138 1320 169 1361 ιο
184 1300 337 1359 constaret
358 1300 450 1359 fuisse
473 1299 645 1357 Troianum.
691 1298 891 1373 Perqamoque
913 1299 1099 1372 Iliacamque
1125 1301 1204 1373 ineis

182 1390 262 1446 donc
285 1388 400 1447 addidit
421 1405 532 1447 arcem:
553 1388 636 1447 ultra
658 1387 721 1447 eins
745 1407 781 1447 ex
798 1387 918 1448 Aeneae
939 1406 1067 1463 persona
1090 1388 1203 1446 dictum

185 1480 232 1537 est
250 1468 346 1558 (497)
362 1477 509 1555 „effigiem
523 1477 638 1536 Xanthi
651 1477 830 1552 Troiamque
844 1477 962 1553 videtis,
978 1496 1068 1552 quam
1086 1480 1203 1537 vestrae

184 1567 282 1625 fecere
300 1561 424 1626 manus“
442 1569 474 1626 et
495 1584 587 1642 supra
610 1558 706 1648 (302)
728 1570 818 1641 poeta
841 1566 918 1625 dixit
935 1567 1024 1642 „falsi
1043 1565 1204 1625 Simoentis

185 1655 226 1713 ad
258 1656 368 1714 undam
400 1655 519 1715 libabat
551 1657 644 1715 cineri
675 1653 901 1715 Andromache“
934 1658 965 1715 et
995 1656 1075 1715 infra
1108 1646 1202 1736 (349)

140 1764 170 1805 1o
183 1744 303 1803 Aeneas
326 1745 406 1803 idem
429 1745 518 1803 dixit:
541 1743 714 1820 „procedo“‚
736 1746 845 1821 inquit,
868 1746 917 1819 „et
939 1764 1064 1820 parvam
1083 1744 1203 1803 Troiam

184 1832 387 1909 simulataque
414 1836 531 1912 magnis
559 1834 706 1912 Pergama
734 1837 764 1893 et
792 1836 925 1893 arentem
952 1834 1066 1892 Xanthi
1095 1852 1202 1910 eogno-
1252 1900 1254 1904 ¹

182 1924 266 1981 mine
287 1924 388 1981 n'vnm
411 1941 539 2000 agnosco
564 1922 733 1998 Scaeaeque
756 1922 921 1999 amplector
942 1924 1049 1981 limina
1071 1919 1204 1998 portae“.
1279 1935 1287 1941 ‘

183 2013 236 2070 sed
259 2013 311 2070 tidi
333 2015 385 2085 qni
407 2030 526 2072 cursam
549 2014 634 2081 coeti,
658 2030 733 2086 quoe
750 2015 816 2087 foto
839 2013 961 2071 dedere?
993 2016 1046 2071 out
1068 2014 1204 2086 quisnam

183 2104 324 2175 iqaaram
335 2104 450 2160 'nostris
468 2102 539 2160 deas
557 2102 674 2175 appulit
692 2102 772 2160 oris?
803 2105 833 2160 et
851 2102 1033 2178 gratulantis
1052 2101 1088 2159 de
1107 2100 1204 2159 salute

139 2211 169 2251 eo
185 2208 221 2249 aa
244 2190 281 2248 de
304 2190 436 2249 adventu
459 2190 697 2266 eius-insperato
725 2194 772 2250 est
798 2190 857 2250 ista
883 2209 940 2249 vox
968 2194 998 2248 et
1024 2190 1203 2266 inquirentis

185 2279 269 2355 quid*
282 2280 382 2355 ipsum
404 2281 577 2354 provenerit
597 2298 676 2338 casu.
713 2279 837 2339 dicendo
857 2280 923 2354 quis
942 2278 1023 2352 deus,
1042 2279 1094 2354 qui
1112 2281 1204 2352 venti,

185 2386 264 2444 qnae
295 2369 361 2427 fata
393 2368 524 2427 ostendit
555 2368 691 2427 divinum
723 2370 855 2428 extitisse
886 2368 1061 2427 beneficium
1094 2371 1128 2426 ut
1156 2368 1204 2426 illi

184 2457 309 2516 Aenean
332 2457 433 2516 videre
457 2459 625 2536 eontigerit.
671 2460 743 2531 quid
760 2476 839 2531 puer
856 2455 1026 2517 Asconius?
1048 2461 1204 2530 superatne

185 2551 213 2605 et
234 2549 359 2605 uescitur
382 2548 479 2605 auro?
507 2564 591 2620 quem
613 2548 666 2606 tibi
688 2549 750 2605 iam
774 2548 880 2606 Troia:
902 2546 1042 2623 religiose
1065 2546 1195 2622 quaesiit
1205 2550 1258 2600 840

139 2656 169 2697 aa
185 2635 223 2693 de
242 2635 338 2694 salute
357 2637 443 2711 pueri
462 2636 513 2712 qui
532 2636 595 2695 eius
614 2638 693 2695 esset
711 2636 826 2695 adfinis.
865 2635 982 2694 addidit
1000 2654 1089 2710 ecqua
1107 2639 1203 2695 tomen

178 2742 277 2798 paceo
301 2729 342 2783 cst
364 2726 490 2784 natissae
512 2743 586 2784 earo
603 2727 759 2799 pareatis?
799 2724 867 2800 plus
891 2726 970 2782 enim
992 2727 1079 2800 pueri
1102 2728 1205 2784 amant

185 2816 311 2888 metrae,
336 2814 446 2873 idcirco
470 2814 602 2889 quaesiit
624 2817 754 2890 quantus
779 2815 807 2871 ei
830 2814 916 2873 dolor
937 2816 1016 2872 esset
1038 2813 1076 2874 ob
1098 2814 1204 2873 matris

185 2904 385 2963 amissionem.
425 2903 527 2976 ecquid
544 2904 576 2961 ia
595 2906 748 2977 antiquom
765 2906 900 2962 viantem
918 2905 1087 2977 animosque
1109 2905 1189 2961 oirii'

185 2996 213 3050 et
228 2995 318 3066 poter
340 2991 457 3051 Aeaeos
481 2996 507 3051 et
529 2995 694 3052 oomecuias
717 2995 821 3052 excitat
843 2993 970 3051 Hector?
1008 2994 1204 3067 posteaquam

259 3150 274 3195 2
294 3161 321 3197 se
340 3160 393 3198 om.
409 3145 452 3198 ed.
521 3149 589 3197 7-8
608 3146 741 3198 solacium
760 3151 784 3198 et
802 3144 854 3197 LR
873 3151 897 3198 et
916 3161 969 3198 om.
985 3144 1027 3197 ed.
1094 3149 1125 3196 11
1146 3145 1205 3197 eius

185 3216 234 3283 (sc.
251 3231 399 3283 paeonum
418 3215 452 3269 cf.
474 3218 537 3284 248)
556 3217 638 3269 etiam
658 3216 715 3270 ees
735 3217 851 3270 alterius
869 3234 889 3268 r.
954 3220 986 3268 12
1006 3216 1075 3269 dotis
1094 3214 1146 3266 La
1163 3217 1203 3269 oi·
1288 3237 1292 3244 ·

185 3286 324 3340 dationes
343 3287 455 3340 om.ed.
556 3293 588 3340 15
608 3288 681 3340 dicit
700 3287 751 3339 LR
769 3287 812 3340 ed.
833 3286 921 3340 deleri
939 3285 1044 3339 malim.
1076 3288 1079 3354 Ι
1113 3287 1206 3354 idquit

186 3357 238 3409 LR
257 3358 385 3425 iuquiens
403 3359 445 3412 ed.
466 3359 558 3427 iuquit
575 3363 601 3411 et
618 3375 676 3411 nos.
753 3363 785 3409 17
805 3374 933 3428 coqaoaco
952 3357 996 3411 ed.
1013 3362 1016 3428 Ι
1041 3358 1134 3411 limiae
1152 3357 1205 3410 La

186 3445 255 3482 corr.
276 3429 319 3482 ed.
395 3434 427 3482 18
447 3430 496 3483 adi
514 3430 539 3482 R
557 3430 608 3484 tibi
625 3448 646 3482 1·.
664 3432 668 3497 Ι
692 3430 777 3483 delere
796 3430 847 3482 LR
866 3430 961 3483 dedere
979 3447 1000 3483 r.
1075 3433 1108 3481 19
1128 3430 1204 3497 apoi-

186 3501 276 3554 liioris
295 3499 348 3552 LR
366 3516 435 3554 corr.
454 3519 475 3553 r.
570 3507 602 3554 21
623 3501 682 3569 ipso
702 3519 722 3554 r.
754 3504 757 3569 Ι
792 3502 906 3555 diceudo
925 3500 977 3553 LR
995 3507 1020 3554 et
1039 3502 1064 3555 d.
1084 3499 1150 3553 aas.

187 3571 517 3626 assentatores.
610 3578 644 3626 24
663 3572 781 3640 quemL
805 3590 887 3641 qaam
905 3572 937 3626 R.
971 3574 974 3640 )
1009 3573 1143 3640 quaesiuit
1166 3575 1205 3641 (et

185 3642 271 3712 infra)
291 3643 334 3697 ed.
408 3649 441 3697 25
461 3651 486 3697 et
503 3662 559 3712 quo
577 3644 618 3697 Lr
637 3650 661 3698 et
680 3662 750 3715 quae
769 3644 801 3699 R.
826 3645 834 3718 i
860 3650 955 3700 tonica
971 3643 1031 3698 ii&
1048 3660 1223 3713 ecquaenam

185 3714 228 3767 ed.
301 3719 337 3765 28
353 3721 381 3767 et
393 3716 467 3781 quid
480 3715 541 3771 LR.
