2734 4159
542 272 726 328 nnnmnos
744 272 771 326 11
827 353 830 358 ⁴
1103 270 1165 335 167

154 443 250 518 golica
278 441 313 499 de
341 446 428 518 gente
457 439 590 518 negabo“
614 445 644 501 et
667 442 712 516 „si
733 441 802 499 vela
824 440 943 515 darent,
968 442 994 500 si
1016 440 1093 499 forte
1117 440 1166 498 de-

154 531 274 603 dissent,
288 550 340 587 nec
359 530 434 587 mihi
450 532 512 589 iam
530 531 661 605 patriam
680 531 836 606 antiquam
855 548 921 605 spes
939 530 1003 589 ulla
1018 527 1164 588 ridendi“.

153 623 254 676 noster
278 620 348 677 eris:
373 622 476 694 aperta
499 618 701 677 benivolentia
725 616 823 676 estin
845 618 902 676 hae
925 618 1075 677 oblatione
1097 638 1165 694 pro-

154 705 1164 783 mmmfflmmmmfflmfflmdma

126 816 231 872 smus,
258 797 369 871 inquit,
397 798 558 871 superioris
585 794 759 855 inimicitias
786 795 941 873 temporiS,
969 797 1027 855 eris
1050 816 1125 856 unus
1149 816 1164 855 e

153 885 250 960 nobis,
278 885 395 944 dimitte
424 906 459 944 ex
487 888 586 944 animo
614 884 688 945 civis
715 888 797 959 tuos,
830 903 904 961 quos
935 884 997 943 iam
1025 884 1166 943 dimisisti

153 976 301 1051 fugiendo.
339 977 450 1033 mirum
472 976 521 1033 hie
543 976 649 1049 poetae
669 975 842 1046 eonsilium;
866 992 933 1032 cum
951 976 1031 1032 enim
1050 972 1088 1031 ad
1106 975 1164 1033 sin·

152 1064 223 1138 gula
243 1063 361 1122 Sinonis
380 1064 460 1122 dicta
478 1063 669 1139 responderet
689 1082 723 1121 ex
741 1081 869 1140 persona
886 1061 1000 1121 Priami
1018 1062 1165 1121 credentis

153 1153 232 1227 quod
250 1153 301 1211 ille
319 1172 389 1212 vera
408 1155 568 1225 narrasset,
587 1154 752 1229 suppressit
770 1171 842 1227 „nec
860 1150 935 1210 mihi
955 1152 1017 1210 iam
1034 1152 1165 1227 patriam

112 1263 136 1298 ro
152 1244 309 1315 antiquam
328 1261 393 1318 spes
412 1241 475 1300 ulla
494 1242 615 1300 ridendi
633 1260 688 1301 nee
706 1241 801 1300 dulcis
822 1243 908 1301 natos
932 1243 1165 1317 exoptatumque

152 1329 331 1405 parentem“,
364 1350 400 1388 ne
431 1330 569 1389 Priamus
601 1332 675 1390 haec
707 1330 963 1390 commemorando
1001 1348 1077 1405 quae
1114 1328 1164 1387 ad·

151 1421 261 1476 fectum
284 1420 447 1477 maximum
464 1419 634 1479 retinebant
651 1418 835 1478 exulceraret
854 1421 986 1477 animum
1004 1420 1165 1492 narraturi,

151 1509 201 1583 qni
232 1509 375 1566 debuerat
402 1528 465 1567 esse
494 1508 673 1585 conpositus.
697 1566 700 1572 ,
720 1509 798 1569 solos
826 1505 945 1583 Graios,
973 1507 1062 1583 dixit,
1090 1507 1164 1566 obli·

151 1599 275 1669 viscere,
308 1597 387 1672 quod
415 1599 503 1657 facile
530 1598 596 1656 fieri
622 1599 736 1674 potuit,
773 1600 934 1657 extiterant
965 1598 1044 1656 enim
1074 1597 1166 1655 saluti

110 1707 135 1744 15
151 1686 269 1744 Sinonis
293 1688 415 1745 inimici.
463 1690 592 1744 ceterum
615 1687 755 1762 patriam,
778 1686 856 1746 filios
879 1691 908 1745 et
931 1690 1048 1762 patrem
1074 1685 1166 1745 semel

149 1777 180 1831 in
209 1776 388 1834 oblivionem
417 1776 523 1834 ducere
550 1794 610 1833 non
637 1778 771 1852 poterat,
798 1774 851 1835 sed
878 1779 908 1834 et
934 1775 986 1835 ille
1015 1775 1117 1858 durus·
1135 1778 1165 1833 et

149 1867 248 1938 inpius
281 1869 381 1940 posset
413 1864 554 1938 iudicari,
591 1866 616 1923 si
648 1866 722 1924 haee
754 1867 875 1941 putaret
908 1884 970 1924 esse
1003 1864 1164 1923 suadenda.

150 1954 280 2027 mihique
313 1954 386 2011 haee
414 1953 540 2012 edissere
568 1973 640 2012 vera
666 1955 801 2032 roganti:
838 1957 999 2029 antequam
1026 1952 1164 2011 Priamus

149 2043 296 2115 proferret
328 2062 404 2119 quae
437 2043 557 2102 volebat
585 2043 701 2119 audire,
731 2044 862 2103 inculcat
890 2043 996 2103 Sinoni
1022 2042 1165 2101 beneficia

108 2152 134 2188 a·
150 2150 216 2202 sna,
248 2134 283 2189 ut
309 2132 341 2189 in
368 2132 451 2190 nullo
479 2132 598 2191 falleret
626 2136 656 2191 et
683 2132 722 2190 ad
750 2134 936 2209 interrogata
963 2150 1035 2190 vera
1063 2133 1164 2206 potius

149 2239 239 2298 qnam
262 2220 332 2279 fieta
355 2230 386 2280 et
409 2224 563 2298 conposita
586 2223 739 2280 fateretur.
775 2223 820 2279 ait
843 2240 912 2298 ergo
936 2221 1024 2278 mihi:
1046 2222 1163 2295 inipso

148 2312 323 2383 pronomine
355 2311 467 2387 grande
499 2310 614 2386 pondus
647 2312 694 2369 est
724 2309 907 2384 intellectus3
948 2308 1022 2367 mihi
1054 2311 1164 2385 quippe

148 2402 247 2473 potest
275 2400 411 2477 intellegi
437 2404 542 2475 utpote
569 2402 647 2476 regi,
675 2401 740 2475 qni,
769 2418 836 2458 eum
861 2416 979 2473 possem
1003 2400 1097 2456 artius
1119 2399 1164 2456 in·

149 2489 265 2562 quirere
298 2488 469 2562 veritatem,
502 2491 528 2547 si
560 2490 666 2547 fuisses
699 2490 731 2544 in
764 2488 867 2563 aliqua
897 2491 983 2563 parte
1013 2487 1164 2561 mentitus

107 2598 132 2635 es
148 2578 325 2651 simpliciter
352 2587 477 2651 quaere,
504 2577 579 2635 mihi
607 2576 660 2652 qui
687 2580 718 2636 te
744 2576 870 2635 liberavi
898 2596 917 2635 a
943 2578 1084 2651 vinculis,
1113 2579 1165 2653 qui

148 2665 276 2723 salutem
299 2670 383 2723 tuam
407 2669 532 2737 servavi,
555 2668 609 2742 qui
631 2668 666 2724 te'
680 2667 780 2740 recepi
797 2669 829 2724 in
847 2684 981 2725 meorum
999 2686 1163 2725 numerum.

147 2755 293 2828 conpletis
330 2756 444 2813 interea
480 2774 557 2830 quae
593 2757 760 2815 necessario
792 2756 913 2814 fuerunt
944 2755 1164 2831 praemittenda

147 2844 278 2901 breviter
310 2846 451 2923 proponit
484 2863 559 2919 quae
593 2845 733 2919 cupiebat
760 2844 871 2903 audire
917 2864 977 2903 non
1005 2845 1098 2918 enim,
1129 2847 1164 2901 nt

148 2952 239 3006 supra
263 2933 375 2990 dietum
399 2936 452 3002 est,
476 2932 644 2992 adhibenda
666 2933 765 2992 fuerat
787 2952 871 2991 mora
894 2934 980 2992 rebus
1003 2952 1058 3009 pro
1082 2935 1163 2992 statu

104 3043 132 3081 no
147 3022 268 3096 publico
278 3022 497 3099 cognoscendis.
522 3038 577 3094 quo
586 3023 774 3081 molemhonc
787 3024 917 3080 iomanis
931 3023 997 3094 aquai
1009 3023 1154 3081 statuere?
1166 3026 1216 3073 150

147 3113 213 3181 quis
232 3113 352 3168 crsuetor?
382 3112 486 3183 quidne
499 3112 623 3183 potami?
653 3129 729 3183 quoe
746 3110 847 3183 religio
865 3116 917 3170 aut
935 3128 1009 3183 quae
1026 3112 1169 3184 maraine,

147 3200 234 3257 cella?
279 3201 369 3274 plena
400 3199 565 3274 propositio
598 3203 628 3257 et
659 3200 692 3256 in
723 3200 791 3274 ipsa
819 3198 966 3257 brevitate
1004 3198 1163 3256 verborum

147 3289 222 3346 satis
250 3290 405 3348 intellectu
433 3289 594 3362 latissima3
625 3306 695 3345 nam
725 3289 894 3362 quaesitum
923 3290 968 3345 est
996 3304 1048 3344 cur
1071 3306 1162 3362 equus

222 3441 280 3493 lsi
298 3440 356 3493 nelo
377 3440 428 3491 LR
447 3455 532 3508 snpra
551 3441 617 3493 dum
635 3456 659 3494 o.
724 3440 922 3508 ldeporaemus
940 3456 960 3491 r.
1029 3440 1164 3493 ducaris

146 3511 190 3562 ed.
249 3517 282 3563 14
300 3513 386 3565 salicti
404 3528 457 3564 om.
473 3511 516 3564 ed.
573 3517 605 3563 19
625 3512 751 3578 inculpat
769 3510 794 3562 R
813 3528 881 3564 corr.
897 3510 994 3563 r=L.
1051 3515 1084 3563 20
1100 3513 1162 3579 pal-

145 3582 278 3719 gppvestseedr
293 3680 326 3686 -
342 3588 402 3705 L21
422 3585 555 3648 tutaretur
572 3582 625 3635 LR
643 3582 815 3663 resporuleret
833 3582 875 3635 ed.
972 3587 1007 3633 24
1026 3582 1126 3676 (unisset¹
1140 3583 1173 3631 Pu
