2734 4159
562 329 751 387 annaloos
769 330 808 385 IV
1036 395 1039 400 ι
1133 331 1200 398 886

183 503 236 562 sub
252 503 351 582 leges
382 505 460 562 esset
490 502 612 560 fortuna
643 500 828 579 suffragante
859 501 1012 563 missum
1058 502 1085 560 si
1112 502 1201 561 nuda

182 592 314 653 accendit
335 595 487 650 tentorum
506 591 603 664 glorio
624 607 725 649 rernea
746 606 799 649 nec
820 606 909 663 anper
927 591 991 663 ipse
1008 605 1064 649 eno
1082 591 1201 652 notitior

182 681 271 741 lende
298 682 439 748 lotorem
467 678 635 739 Ascanione
660 683 750 753 poter
775 678 930 738 Romanae
959 679 1071 738 inuidet
1098 680 1201 741 mccc?

182 772 254 845 estid
283 770 389 829 struit?
421 773 475 830 ant
500 787 559 842 qao
586 786 637 842 cpe
663 770 785 827 ininetca
813 770 845 826 in
871 770 954 841 gente
980 770 1114 827 moroan
1138 775 1254 829 necate

160 861 294 934 eprotcn
315 857 483 918 Ausoniam
505 863 531 917 et
552 858 686 918 Lavinio
707 858 825 931 respicit
846 856 944 915 oreo?
984 858 1108 931 motget,
1130 858 1205 918 tace.

183 966 301 1009 sannae
323 951 373 1016 est,
395 948 442 1007 tic
463 949 556 1006 nenti
577 949 701 1006 nuntiae
722 950 789 1005 esto.
835 947 862 1005 si
885 945 978 1018 nulla,
999 947 1109 1023 inquit,
1132 964 1201 1008 eum

184 1039 248 1117 agit
276 1038 372 1097 futuri
398 1036 542 1111 temporie
569 1054 637 1112 spes
664 1051 718 1094 nec
746 1036 894 1094 excitatur
919 1033 1008 1093 rebns
1036 1035 1124 1095 laetis
1147 1054 1201 1097 nec

184 1126 437 1201 contemplatione
465 1125 563 1183 laudis
592 1124 724 1201 aliquem
751 1124 884 1184 laborem
912 1124 1047 1197 molitur,
1074 1124 1130 1185 hoc
1156 1129 1202 1185 eet

184 1218 210 1276 si
231 1220 355 1291 torpens
379 1215 441 1274 otio
459 1234 519 1273 non
537 1214 604 1273 vult
621 1212 759 1275 laborare
776 1232 831 1289 pro
850 1212 948 1291 gloria
966 1231 1029 1288 sua,
1048 1216 1078 1271 et
1096 1216 1202 1276 conica

152 1325 173 1363 1o
183 1305 358 1365 institutum
380 1306 506 1363 naturae
528 1303 640 1362 faciens
663 1302 779 1362 invidet
801 1301 863 1361 filio
884 1302 1044 1378 imperium
1060 1302 1201 1362 tantum?

184 1393 256 1470 quid
290 1391 401 1453 struit?
434 1396 488 1451 aut
520 1410 579 1467 qua
616 1410 668 1466 spe
704 1390 827 1451 inimica
862 1391 895 1448 in
927 1395 1014 1468 gente
1046 1390 1201 1452 moratur?

185 1482 257 1558 qnid
281 1483 364 1541 fovet
383 1479 553 1541 aemulam?
575 1481 649 1557 quid
671 1482 783 1540 extruit
800 1477 974 1539 inimicam?
1010 1498 1064 1540 nec
1086 1481 1202 1556 prolem

184 1573 351 1632 Ausoniam
374 1589 428 1630 nec
450 1570 578 1630 Lavinia
599 1569 722 1646 respicit
744 1567 839 1628 arva?
876 1588 929 1628 cur
951 1588 1011 1628 non
1033 1570 1202 1633 considerat

184 1680 237 1721 nec
265 1660 351 1737 ponit
379 1664 448 1719 ante
472 1660 572 1720 oculos
595 1658 718 1719 Italiam
740 1659 772 1718 et
792 1659 1002 1735 posteritatem
1024 1677 1116 1734 quam
1137 1658 1201 1719 illie

153 1750 341 1811 uhabiturus
360 1753 406 1808 est
424 1748 504 1825 apud
522 1749 649 1808 Lavinia
667 1746 779 1808 litora?
802 1749 966 1823 quaeritur,
985 1765 1052 1806 cum
1070 1747 1202 1807 nondum

185 1840 302 1898 Aeneas
334 1838 373 1898 ad
404 1837 525 1897 Italiam
557 1839 700 1912 venisset,
737 1837 871 1896 nondum
902 1835 1061 1895 Leviniam
1092 1839 1202 1913 nosset*

185 1928 317 1987 nondum
339 1926 500 1986 Lavinium
527 1927 672 2003 oppidum
699 1926 892 2000 condidisset,
919 1943 972 1984 cur
996 1925 1045 1983 hic
1067 1927 1202 2001 posuerit

185 2036 238 2077 nec
260 2017 377 2093 prolem
399 2015 565 2075 Ausoniam
587 2034 641 2075 nec
658 2014 787 2075 Lavinia
810 2017 934 2091 respicit
956 2033 1037 2075 arva.
1079 2035 1114 2074 ex
1136 2035 1202 2091 per-

186 2124 259 2165 sona
276 2106 357 2164 Iovis
379 2105 454 2163 bene
476 2106 629 2180 processit,
652 2104 796 2181 quoniam
817 2105 922 2163 futura
939 2108 1065 2163 noverat
1083 2107 1113 2162 et
1131 2123 1201 2163 ven·

155 2200 253 2254 narra
285 2194 360 2253 bene
391 2194 498 2252 habuit
529 2196 658 2271 cognita.
704 2195 838 2270 naviget:
870 2196 897 2253 si
928 2193 996 2267 illa,
1027 2194 1140 2268 inquit,
1169 2196 1202 2251 in

187 2284 367 2343 oblivionem
399 2283 483 2344 duxit
515 2285 546 2341 et
577 2283 723 2360 neglegit,
758 2281 870 2342 sufficit
901 2286 931 2342 et
962 2281 994 2340 id
1026 2282 1136 2357 solum,
1168 2286 1202 2343 ut

186 2375 325 2433 inimicae
344 2372 536 2449 Carthaginis
555 2372 689 2431 exclusus
707 2370 815 2429 finibus
833 2373 963 2449 naviget.
994 2372 1066 2430 haec
1085 2390 1202 2431 summa

187 2466 244 2536 eat,
271 2462 320 2521 hic
347 2463 444 2521 nostri
470 2463 593 2521 nuntius
621 2463 698 2520 esto:
734 2460 958 2536 mandatorum,
989 2461 1101 2536 inquit,
1128 2461 1202 2520 haec

187 2570 302 2611 summa
330 2554 382 2609 est.
428 2551 478 2609 hic
504 2552 601 2610 nostri
627 2550 750 2608 nuntius
777 2552 855 2609 esto:
887 2550 961 2609 haec
984 2553 1029 2608 est
1052 2550 1201 2611 conclusio

156 2640 308 2701 indefinita
331 2642 492 2716 praecepti,
511 2644 545 2698 ut
567 2639 718 2715 relinquat
738 2636 948 2715 carthaginem
972 2638 1152 2717 navigando,
1171 2643 1202 2699 et

187 2729 241 2789 hoc
260 2729 357 2789 solum
376 2730 403 2787 ei
421 2728 489 2787 volo
508 2728 649 2787 nuntiari.
687 2727 866 2787 eonferenda
888 2732 958 2787 sunt
976 2746 1053 2804 quae
1071 2728 1202 2789 Hiarbae

187 2820 218 2877 in
240 2819 388 2877 invidiam
410 2818 537 2877 contulit
557 2820 588 2877 et
607 2816 857 2893 quemadmodum
874 2817 948 2875 haec
966 2819 1114 2891 acceperit
1131 2817 1201 2894 Iup-

187 2910 274 2982 piter,
296 2926 334 2966 ne
356 2911 510 2965 remaneat
532 2906 617 2981 illud,
635 2909 670 2965 ut
692 2906 724 2965 in
747 2906 916 2966 exclusione
934 2906 1054 2965 Aeneae
1072 2906 1201 2966 Hiarbae

187 2997 355 3055 vindicatus
383 3014 446 3054 esse
473 2995 618 3055 videatur.
664 3013 724 3054 non
751 2996 796 3053 ita
824 2999 876 3054 eet.
922 2993 1059 3071 Iuppiter
1082 2997 1202 3072 quippe,

259 3218 507 3275 tascaneoneLR.
525 3221 529 3287 Ι
546 3218 707 3273 ineideLR.
759 3220 908 3273 tanaceta
921 3234 970 3272 nec
982 3218 1011 3270 L.
1063 3218 1203 3271 ediceret

187 3294 251 3360 poet
269 3298 324 3346 ecto
342 3290 472 3359 interpol.
488 3290 531 3343 ed.
591 3295 607 3341 9
626 3296 652 3345 et
669 3288 721 3342 LR
739 3290 782 3344 ed.
802 3290 918 3344 etiam
937 3291 1066 3357 expectes
1085 3287 1116 3341 in
1134 3304 1202 3358 apc-

188 3363 257 3419 doai.
351 3368 382 3415 12
406 3362 502 3416 estruit
523 3362 665 3415 inimicam
688 3360 740 3413 th
761 3361 845 3415 struit
866 3378 928 3414 cum
949 3361 1065 3415 inimica
1086 3360 1129 3415 ed.

189 3440 221 3488 13
235 3439 444 3489 mennon-18
459 3450 528 3487 orca
542 3448 595 3485 om.
606 3432 650 3485 ed.
701 3430 1020 3486 20e'llalte'llamLed.
1072 3431 1203 3485 alteret

187 3513 212 3560 et
232 3522 291 3560 non
314 3503 414 3558 licctL
442 3503 656 3574 dntitsltlllicet
684 3520 747 3557 cnm
775 3502 874 3557 raaR
901 3503 927 3555 d.
947 3519 1005 3557 non
1026 3504 1044 3557 l.
1064 3503 1107 3555 ed.
1131 3504 1157 3555 d.
1177 3509 1202 3557 et

187 3579 303 3648 neglegit
321 3592 379 3629 nos.
405 3580 409 3643 ι
442 3576 566 3642 sufficere
584 3576 614 3628 lei
631 3575 719 3629 coinon
736 3579 769 3627 nt
785 3573 807 3627 L
825 3575 855 3627 lei
874 3590 936 3643 exp.
954 3575 1003 3628 troc
1022 3590 1156 3642 superscr.
1176 3573 1202 3627 R

188 3650 291 3716 eutfieit
309 3655 333 3701 et
351 3648 381 3701 id
398 3648 487 3701 solnm
504 3652 536 3704 et
553 3662 604 3699 nos
622 3646 667 3700 ote
684 3646 828 3700 immorari
847 3644 894 3700 ced
912 3645 959 3701 ed.
1024 3650 1064 3698 ‘tt
1082 3643 1222 3697 eoem

187 3736 252 3775 nom
272 3736 302 3773 n,
318 3718 361 3771 ed.

227 3816 285 3854 Deo.
299 3816 395 3863 tntctpn
413 3817 481 3868 νοις.
503 3819 580 3862 rol.1.
984 3810 1028 3859 ‘25
