2734 4159
199 335 266 401 518
482 334 623 390 noum
639 332 809 389 INTEBPR.
829 332 937 390 vuRc.

198 507 300 582 potest
331 507 385 564 eut
416 504 585 564 substantia
612 502 780 563 contrariae
807 503 988 579 provisionis
1017 503 1143 564 effundi
1194 506 1226 564 in

198 596 298 669 repnte
319 595 372 654 hoc
394 612 471 655 cusa
493 596 567 653 tuis:
592 596 628 652 ut
654 593 729 652 meis
751 593 926 669 procuraret
948 593 1121 668 interitum,
1152 613 1226 655 ausa

198 685 246 742 est
272 686 304 743 te
331 684 519 743 contemnere
547 684 578 742 et
604 700 699 759 regna
725 684 779 739 tua
806 680 1019 745 commovendo
1047 682 1145 742 etiam
1168 683 1227 743 tibi

196 772 341 832 iniuriam
368 772 474 832 iecere.
520 770 600 848 quod
628 771 673 829 ait
700 770 764 847 ipse
787 789 894 847 nuper,
921 770 1010 830 huius
1038 770 1115 830 fecti
1143 776 1226 833 recte

197 862 318 921 induxit
340 861 665 935 commemorationem
693 860 827 937 petitura
855 860 936 918 enim
963 861 1097 935 quietern
1120 861 1257 940 pelagis

199 950 332 1010 ostendit
355 951 446 1009 etiam
469 951 569 1025 ipsum
586 947 763 1026 Neptunum
782 948 874 1007 aliam
891 966 1050 1025 passurum
1068 950 1225 1027 iniuriam,

199 1041 260 1099 nisi
283 1042 315 1098 et
332 1038 471 1099 Troianis
493 1038 674 1117 providisset
697 1038 730 1095 et
751 1038 818 1097 sibi.
853 1054 911 1112 per
932 1038 1026 1097 accius
1049 1056 1112 1098 cccc
1136 1042 1225 1100 etiam

202 1129 341 1188 Troianis
359 1129 503 1187 matribus
525 1129 598 1186 cetis
617 1127 727 1186 11111111
743 1127 826 1200 foede
842 1128 965 1201 meppie,
987 1126 1045 1187 hoc
1064 1130 1111 1187 est
1130 1129 1225 1189 etiam

148 1237 151 1242 ·
199 1235 278 1276 nunc
305 1214 444 1276 Troianis
471 1215 618 1275 matribus
647 1216 759 1275 coactis
786 1234 841 1291 per
869 1216 964 1275 scelus
992 1216 1109 1275 exussit
1136 1218 1223 1278 foede

198 1307 317 1384 puppis.
355 1306 553 1365 Troianorum
575 1307 707 1364 metrum
724 1305 757 1362 in
775 1304 913 1364 incendio
934 1306 1057 1363 navium
1077 1306 1224 1367 delictum
1236 1326 1257 1367 ιο

200 1414 263 1455 esse
286 1393 456 1470 constabat,
478 1394 526 1453 his
548 1394 652 1453 Venus
676 1393 796 1454 adstitit
818 1394 918 1453 dicens
946 1410 1006 1454 non
1034 1412 1099 1454 esse
1122 1396 1224 1473 requi·

198 1483 324 1543 rendum
344 1484 412 1560 quis
436 1483 541 1543 fecerit
563 1484 668 1558 scelus,
692 1483 743 1542 sed
767 1484 850 1542 cuius
869 1483 992 1559 inpulsu
1010 1483 1154 1543 videatur
1173 1484 1224 1545 ad·

198 1574 330 1633 missurn.
377 1575 489 1633 exussit
511 1573 597 1632 foede
619 1574 743 1649 puppis:
767 1572 873 1631 alienis
891 1571 1030 1631 manibus
1048 1574 1116 1647 ipsa
1135 1575 1223 1635 navis

197 1662 341 1736 incendit,
365 1664 455 1738 atque
478 1662 595 1721 utinum
618 1662 721 1738 pelam
743 1663 774 1720 et
796 1680 857 1721 non
879 1661 1009 1737 turpiter
1027 1662 1134 1721 fraude
1155 1682 1224 1723 con·

146 1756 199 1805 '195
208 1754 304 1829 cepta.
337 1755 363 1811 ct
376 1752 469 1811 classe
481 1752 594 1826 sucepit
606 1753 720 1811 emisso
732 1753 824 1810 socios
837 1752 953 1826 1910111
967 1752 1098 1824 linquere
1111 1756 1224 1813 terrac:
1235 1770 1256 1813 rs

199 1842 235 1899 nt
258 1841 295 1901 ab
318 1840 374 1901 hcc
397 1841 492 1915 fecto,
521 1839 600 1916 quod
629 1842 733 1899 contre
761 1841 929 1914 civitatem,
960 1840 1139 1917 religionem
1169 1843 1222 1901 hu·

198 1930 436 2005 manitatemque
449 1931 643 2006 processerat,
657 1931 813 1989 excusaret
826 1928 918 1987 etiam
931 1928 1036 2002 filium,
1050 1928 1083 1987 in
1096 1929 1223 1991 Iunonis

198 2021 321 2080 revocat
342 2019 516 2078 relictorum
539 2020 689 2077 sociorum
711 2018 840 2093 culpam,
863 2019 1007 2093 quoniam
1031 2017 1148 2078 Aeneas
1167 2021 1223 2080 hoc

199 2127 260 2168 non
281 2109 406 2182 feceret,
434 2108 460 2167 si
487 2126 557 2183 pars
586 2108 690 2167 classis
713 2126 773 2166 non
795 2110 874 2167 esset
896 2109 1014 2166 amissa.
1060 2109 1223 2169 accedebat

199 2216 235 2255 ex
256 2197 314 2256 hoc
336 2198 417 2257 iacto
441 2198 636 2273 augmentum
659 2196 745 2270 mali,
770 2197 842 2272 quia
863 2198 933 2272 post
954 2199 1002 2256 tot
1023 2195 1144 2257 labores
1169 2217 1258 2259 necao

199 2285 239 2345 ad
252 2286 375 2346 Italiam
397 2287 553 2362 pervenire
576 2288 742 2362 potuerunt
764 2288 794 2344 et
811 2286 924 2363 ignotis
942 2285 975 2343 in
992 2286 1080 2344 terris
1099 2285 1223 2347 fuerant

198 2375 305 2435 relicti.
359 2394 424 2436 eece
457 2375 615 2434 diversitas
647 2374 697 2432 hic
728 2376 827 2450 posita
860 2377 905 2433 est
937 2393 1000 2433 sese
1033 2376 1222 2453 inpugnans:

199 2483 290 2541 supra
305 2456 400 2547 (631)
415 2465 495 2523 enim
514 2464 591 2523 dixit
608 2464 694 2539 „quis
708 2463 846 2539 prohibet
864 2482 965 2523 muros
984 2464 1080 2523 iacere
1099 2467 1131 2523 et
1150 2465 1222 2524 dare

198 2552 314 2613 civibus
337 2551 480 2614 urbem'?“
525 2552 573 2611 hie
597 2552 672 2611 dixit
696 2555 790 2612 socios
812 2554 934 2631 ignotae
956 2553 1092 2629 linquere
1113 2555 1222 2629 terrae,

198 2660 267 2701 cum
290 2644 395 2720 ignota
417 2661 477 2701 non
506 2645 585 2701 esset
610 2644 641 2700 in
669 2660 731 2717 qua
758 2642 878 2700 fuerant
906 2643 998 2701 cives:
1026 2642 1077 2701 sed
1105 2642 1222 2703 iactum
1235 2658 1260 2701 as

272 2870 286 2919 1
306 2866 426 2932 effundit
443 2866 469 2918 11
488 2866 531 2919 -di
548 2883 604 2917 r=
616 2865 646 2917 L.
711 2869 728 2916 4
747 2865 804 2933 ipse
818 2865 891 2918 caim
900 2882 953 2933 per
966 2864 1019 2917 LR
1037 2867 1057 2919 i.
1067 2866 1127 2920 eius
1136 2883 1191 2934 per
1209 2885 1223 2919 r

197 2938 217 2991 i.
232 2953 321 3005 nuper
338 2953 398 2990 nos.
456 2942 472 2989 5
491 2936 605 2991 inducit
619 2935 683 2989 LR:
702 2938 808 2990 temere
821 2934 915 2989 locum
929 2939 998 2991 mut.
1014 2937 1071 2991 ed:
1092 2936 1222 2991 defendit

198 3006 268 3061 Don.
289 3008 365 3075 qnod
383 3007 479 3063 Venus
502 3023 566 3061 eum
591 3007 640 3076 qui
662 3007 724 3077 ipse
747 3022 838 3076 nuper
859 3007 941 3060 testis
965 3006 1051 3061 fuerit
1075 3007 1167 3077 ipsius
1191 3009 1222 3062 in

197 3078 293 3148 regnis
310 3094 371 3132 rem
390 3079 494 3133 factem
514 3094 575 3133 esse
594 3078 837 3133 commonefaciat.
854 3080 858 3147 Ι
874 3080 981 3147 petitio
999 3079 1024 3132 R
1042 3096 1061 3133 a
1080 3079 1146 3132 add.
1162 3098 1185 3133 r.

199 3156 214 3203 7
230 3166 283 3219 per
300 3150 353 3203 LR
367 3167 421 3219 pro
440 3150 483 3205 ed.
551 3154 585 3203 10
604 3151 781 3204 tunicatorum
799 3151 933 3205 matites
952 3150 973 3203 L
993 3152 1167 3205 troiaeorem
1185 3170 1220 3205 m.

198 3222 224 3275 it
238 3221 281 3275 ed.
297 3224 472 3277 troiacarueo
485 3228 606 3277 eneam
620 3239 640 3273 r.
698 3227 731 3273 13
750 3222 813 3290 ipsa
827 3220 879 3274 LR
898 3222 975 3290 ipsae
989 3221 1032 3275 ed.
1089 3228 1123 3275 15
1142 3224 1222 3293 ipae-

198 3298 242 3347 tac
261 3294 383 3361 linquere
401 3300 489 3348 terrcw
507 3293 529 3346 L
547 3293 617 3348 item
634 3293 665 3345 in
683 3308 782 3345 rasura
800 3310 821 3346 r.
914 3297 947 3345 1⁷
966 3293 1086 3348 Iunones
1104 3293 1157 3347 LR
1176 3295 1220 3348 ed.

196 3381 272 3419 -aem
293 3364 337 3417 ed.
357 3366 428 3434 post.
454 3364 524 3434 (soil.
543 3365 654 3433 eulpam
672 3363 708 3417 cf.
728 3368 840 3433 1196).
932 3368 965 3416 22
985 3364 1106 3434 dipositc
1124 3371 1150 3419 et
1168 3364 1222 3419 LR

197 3435 333 3505 disposita
352 3441 409 3489 etr
428 3438 522 3505 posita
540 3443 565 3490 et
582 3435 626 3489 ed.
645 3436 691 3489 tic
704 3436 799 3505 posita
817 3440 856 3489 aot
873 3451 936 3489 nos:
964 3452 1032 3488 nam
1050 3435 1222 3506 dispositam

197 3523 260 3561 esse
283 3506 490 3573 diversitatem,
519 3507 595 3575 quod
618 3506 790 3561 defensionis
814 3521 901 3560 cansa
923 3505 998 3560 infra
1020 3508 1139 3576 mactet,
1163 3524 1222 3562 non

191 3578 265 3635 bene
283 3578 465 3654 praecipitur
482 3596 536 3635 nec
554 3580 689 3649 disposdc
707 3595 771 3631 eum
788 3593 844 3633 sese
862 3578 921 3646 inp.
940 3594 992 3647 per
1010 3585 1036 3633 et
1057 3581 1135 3633 recte
1155 3596 1221 3634 oon-

178 3652 327 3727 iungitut.
408 3660 445 3713 28
466 3655 559 3727 facere
576 3653 619 3725 iet
635 3649 724 3720 intrat
736 3649 805 3713 nn„
817 3648 871 3702 sed
882 3653 938 3701 111
951 3651 1039 3703 meere
1057 3667 1122 3704 cum
1134 3650 1221 3722 Verg.

165 3724 263 3785 libris
286 3732 441 3790 omnibus.
521 3734 563 3785 ‘24
579 3725 747 3785 cicitots'cus
757 3721 799 3774 11.
