2734 4159
492 353 495 358 ·
570 326 759 383 AllNlllDOS.
771 327 810 382 lv
1134 327 1202 394 365

184 516 251 558 eam
275 497 448 574 patiebatur
469 496 532 555 ullo
554 498 587 555 in
609 497 675 557 loco
699 498 873 569 consistere,
902 499 938 555 nt
958 499 1086 574 vaganti
1107 500 1202 558 totins

183 588 320 647 civitatis
343 606 403 645 non
425 584 594 645 sufficerent
617 588 725 662 spatia.
771 586 824 644 dat
846 584 1076 646 similitudinem
1103 590 1202 663 poeta,

184 680 220 735 nt
247 675 388 735 ostendat
414 674 663 751 quemadmodum
690 693 745 750 per
771 677 867 733 totam
893 676 998 734 urbem
1021 676 1100 736 Dido
1127 677 1202 736 fere-
1239 709 1242 718 ·

185 765 276 825 batur
295 767 326 823 et
343 765 415 823 data
433 763 617 822 discurrendi
635 766 796 823 necessitas
820 765 932 823 fuerat:
956 766 1052 837 quetis
1076 767 1202 826 mateola

158 872 272 915 acerva
298 855 419 929 sapito,
446 870 535 927 qaam
556 853 663 926 promet
686 855 837 913 incamm
858 870 979 913 cemma
1001 855 1076 913 infer
1099 853 1202 914 Oresio
1222 864 1255 912 το

150 947 152 952 ’
185 945 252 1016 finit
268 947 375 1019 pasus
396 958 486 1016 wass
507 943 571 1001 telis
588 944 726 1016 liquitque
743 943 859 1002 volatile
875 944 989 1016 ferrum
1006 945 1130 1012 carmus,
1148 945 1203 1004 ruo

185 1036 261 1107 fauo
283 1033 376 1091 etuas
397 1032 548 1105 saltusque
564 1035 709 1105 perayrct
725 1032 871 1099 Maces,
889 1032 990 1120 barret
1005 1033 1090 1091 lateri
1107 1033 1203 1092 ιειαιίε

185 1121 338 1181 tercado:
360 1120 507 1180 Didonem
526 1122 703 1196 conparavit
721 1140 833 1194 cervae,
852 1120 944 1180 silvas
963 1122 1090 1195 civitati,
1107 1122 1202 1181 mobi-

186 1211 306 1269 litatem
325 1229 429 1270 cervae
446 1209 571 1269 Didonis
590 1209 781 1286 discursibus,
800 1211 943 1286 sagittam
961 1212 1092 1285 pastoris
1111 1213 1202 1289 sagit·

146 1320 174 1360 ec
186 1303 236 1358 tae
252 1298 417 1375 Cupidinis,
431 1302 582 1375 pastorem
596 1297 747 1374 Cupidini,
761 1318 882 1358 cursum
899 1298 1082 1358 inefficacem
1098 1319 1203 1360 cervae

186 1407 254 1448 cnm
278 1388 405 1447 Didonis
433 1388 560 1446 errantis
588 1388 783 1447 inmoderatis
810 1388 1003 1447 anfractibus.
1050 1389 1203 1448 subtracto

187 1476 394 1538 similitudinis
417 1477 506 1536 istius
528 1479 613 1535 textu
635 1476 837 1552 superioribus
860 1477 1003 1536 inferiora
1024 1479 1203 1555 iungimtur:

187 1566 303 1626 dictum
326 1570 371 1625 est
394 1566 473 1624 enim
495 1566 593 1624 urItur
613 1566 720 1625 infelix
738 1566 817 1626 Dido
838 1570 965 1641 totaque
982 1570 1113 1644 vagatur
1130 1567 1204 1627 urbe

186 1657 302 1733 furens,
330 1656 496 1715 conectitur
521 1674 601 1715 nunc
626 1656 725 1715 medio
746 1655 869 1715 Aenean
895 1673 993 1715 secum
1009 1674 1067 1730 per
1088 1659 1204 1716 moenia

149 1745 269 1807 reducit
294 1742 505 1819 [Sidoniasque
531 1748 654 1804 ostentat
680 1762 747 1818 opes
773 1746 929 1820 ardentque
949 1743 1125 1822 paratumst
1160 1747 1203 1805 sic
1224 1755 1257 1805 75

186 1834 308 1893 furebat
329 1833 422 1907 Dido,
450 1835 492 1892 sic
519 1853 573 1908 per
594 1836 692 1893 totam
714 1833 820 1893 urbem
842 1834 952 1894 amoris
976 1835 1128 1911 exagitata
1151 1837 1204 1894 sti·
1288 1843 1290 1848 ’

187 1923 280 1982 mulis
302 1922 463 1996 ferebatur,
486 1925 521 1980 ut
544 1940 562 1980 a
585 1925 645 1981 suis
669 1923 874 1998 conspectibus
894 1922 1016 1982 Aenean
1038 1943 1098 1983 non
1120 1927 1204 2000 pate·

187 2015 272 2072 retur
299 2010 463 2071 abscedere.
509 2012 648 2085 ducebat,
680 2013 794 2088 inquit,
827 2032 895 2072 eum
922 2030 1022 2072 secum
1052 2016 1142 2089 atque
1169 2017 1205 2071 ut

187 2103 252 2160 eius
275 2102 447 2175 praesentia
468 2119 528 2158 non
551 2101 706 2160 videretur
726 2119 788 2160 esse
806 2101 965 2178 superflue,
982 2101 1159 2162 ostendebat
1177 2103 1204 2161 ei

148 2210 175 2251 ss
188 2189 330 2250 Sidonias
357 2208 428 2265 opes
455 2189 618 2266 urbemque
644 2192 796 2265 paratam,
828 2190 1015 2251 monstrabat
1042 2192 1069 2250 ei
1097 2191 1204 2268 quibus

188 2280 330 2356 naufragi
353 2280 470 2337 animus
494 2281 524 2338 et
547 2280 583 2339 de
605 2277 795 2339 institutione
818 2282 889 2339 novi
907 2280 1052 2339 domicilii
1070 2283 1205 2359 cogitans

188 2370 257 2444 oapi
284 2367 403 2426 facilius
430 2370 540 2443 posset.
587 2369 639 2443 qui
666 2370 746 2427 enim
774 2388 834 2429 non
856 2373 1007 2429 teneretur
1029 2369 1205 2429 divitiarum

189 2458 357 2516 alienarum
384 2475 435 2532 spe
464 2460 495 2515 et
510 2456 641 2516 adfectu
668 2458 732 2517 eins
756 2458 838 2518 urbis
862 2478 950 2535 quam
975 2459 1098 2519 alterius
1120 2458 1206 2518 labor

189 2548 221 2604 et
246 2546 394 2605 instantia
420 2544 629 2621 procurasset?
656 2547 708 2605 sed
730 2547 787 2605 hoc
809 2567 864 2623 pro
888 2549 987 2607 animo
1010 2547 1136 2608 Didonis
1160 2550 1205 2606 est

147 2656 175 2697 ss
189 2636 336 2712 positum:
354 2638 485 2693 ceterum
498 2635 615 2694 Aeneas
634 2654 748 2695 amores
767 2638 830 2697 eius
844 2637 1033 2713 furoremque
1047 2636 1205 2696 nesciebat.

188 2726 294 2797 iurarit
316 2725 403 2796 effari
425 2726 576 2798 mediaque
597 2725 631 2783 in
652 2743 719 2784 oooe
740 2728 861 2806 resistit:
893 2726 1023 2786 addebat
1046 2726 1084 2784 ad
1106 2743 1204 2785 moras

189 2814 361 2873 fabularum
383 2812 518 2871 inanium
540 2818 655 2873 textum
677 2813 852 2890 praecidens
875 2816 1033 2875 verborum
1052 2817 1206 2874 continue·

188 2905 312 2975 tionem,
336 2904 370 2959 ut
392 2902 535 2978 loquendi
559 2903 657 2978 spatia
679 2905 827 2978 proferret
849 2904 880 2961 in
904 2905 1035 2981 longum.
1078 2904 1204 2963 Ite'cccs·

189 3010 245 3065 que
276 2993 383 3050 iterare
414 2992 530 3051 demens
562 2994 667 3051 audire
698 2994 811 3051 labores
848 2996 987 3066 exposcit:
1023 2995 1205 3068 consumptis

147 3103 177 3144 ιο
190 3079 328 3139 omnibus
346 3081 577 3155 inventionibus,
596 3100 662 3140 cum
682 3082 744 3140 iam
760 3082 838 3140 nihil
856 3084 934 3141 esset
952 3082 1032 3158 quod
1050 3081 1089 3141 ad
1107 3101 1205 3141 moras

263 3291 280 3337 4
299 3285 349 3339 eas
367 3284 418 3338 LR
437 3286 504 3340 doto
522 3283 608 3340 HOU
627 3286 669 3339 ed.
765 3293 798 3339 12
817 3292 893 3341 tester
911 3286 963 3338 LR
981 3292 1108 3340 cosmeta
1127 3287 1170 3341 ed.

193 3363 226 3411 15
236 3357 420 3425 Sidoniasque
426 3364 594 3425 -paratcm
604 3358 684 3411 deest
694 3359 722 3413 in
732 3358 792 3424 th,
804 3358 853 3411 sed
864 3357 1028 3427 explicetur.
1077 3363 1108 3410 19
1120 3364 1207 3413 estere

191 3428 241 3482 deb
260 3428 282 3481 L
301 3428 331 3480 in
350 3429 409 3482 -ὀαι
427 3446 495 3483 corr.
515 3445 589 3483 man.
603 3429 629 3482 11
648 3430 728 3483 -barrt
745 3429 778 3482 lt.
848 3434 882 3483 20
901 3432 926 3483 ee'
943 3428 1043 3499 quibus
1060 3428 1113 3481 th
1131 3447 1163 3483 ea
1182 3447 1206 3498 q.

191 3500 235 3554 ed.
309 3504 342 3551 21
362 3500 485 3569 matous
503 3499 555 3552 LR
574 3500 617 3553 ed.
636 3502 800 3571 copitarrte's?
877 3506 910 3553 22
930 3501 979 3570 qai
997 3503 1041 3569 (=
1056 3501 1207 3570 quomodo)

192 3570 244 3623 th
262 3571 325 3639 quis
343 3571 386 3624 ed.
447 3577 480 3623 23
500 3572 593 3639 cipro
612 3572 653 3625 ei'
669 3597 704 3617 =
718 3573 777 3626 eice
796 3572 827 3624 R.
893 3577 926 3625 26
945 3572 1048 3626 auroris
1065 3571 1118 3625 th
1136 3571 1180 3627 ed.
1202 3573 1208 3644 t

191 3643 364 3710 furoremque
382 3642 434 3695 LR
452 3659 503 3712 que
522 3659 575 3696 om.
595 3642 638 3696 ed.
748 3648 781 3697 27
801 3648 906 3699 tectum
925 3643 951 3697 a
966 3643 1114 3699 adamis
1133 3644 1223 3695 tutes·

186 3715 349 3780 positrbnem
367 3713 408 3765 ed.
