2734 4159
169 336 236 400 574
451 335 591 391 DONATI
608 336 777 391 INTERPR.
796 336 906 392 VERG.

168 505 271 566 ordine
294 505 401 565 fuisset
418 507 506 565 tanta
523 524 689 582 perpessus.
735 506 842 582 incipit
861 525 933 585 ergo
952 508 1059 567 seriem
1077 508 1192 567 referre
1231 544 1235 554 ·

169 597 333 673 gestorumz
356 596 407 654 sed
424 609 470 653 me
491 597 557 668 fetu
578 612 645 653 meo
667 598 694 653 et
715 594 809 655 seelms
833 596 948 656 mittete
965 596 1126 655 Lacaenae
1144 598 1193 656 m's

168 701 292 746 mersere
314 684 415 752 motis,
441 685 496 742 illo
518 685 589 743 haee
610 688 798 743 mmmmmia
819 686 951 759 emmetr-
978 684 1050 761 duo,
1078 684 1191 762 iuquit,

169 772 345 833 detestanda
367 773 399 831 in
422 793 516 831 unum
540 776 753 849 convenerant,
781 776 900 850 tempus
928 777 958 832 et
986 775 1085 833 fatum
1114 776 1190 834 satis

168 861 335 922 adversum.
371 862 418 921 hia
433 864 598 921 accesserat
611 881 686 921 uxor
703 864 846 938 pessima:
870 862 950 939 quod
965 865 1009 922 ait
1022 862 1190 939 Lacaenae,
1217 884 1229 923 e

167 952 232 1010 illic
262 951 419 1011 constituit
448 969 565 1010 omnem
592 950 852 1027 vituperationem.
908 955 953 1011 est
985 953 1064 1011 enim
1097 955 1128 1013 et
1158 954 1191 1011 in

167 1040 336 1100 nonninibus
368 1040 512 1115 probrosa
549 1040 736 1118 significatio.
796 1041 821 1099 si
854 1041 933 1101 enim
966 1041 1108 1101 Sinonem
1140 1042 1191 1101 vel

167 1130 276 1189 Uiixen
308 1129 431 1203 dixeris,
463 1147 532 1188 mox
563 1129 736 1188 mendacem
767 1130 920 1189 hominem
948 1131 997 1190 vel
1025 1132 1190 1190 factiosum

167 1217 319 1293 ostendes,
349 1219 376 1277 si
399 1236 417 1276 a
440 1218 579 1295 gentibus
606 1219 656 1277 vel
684 1219 759 1277 locis
789 1220 838 1278 vel
865 1219 1039 1295 parentibus
1067 1219 1189 1279 tradere

167 1307 296 1367 volueris
319 1326 438 1381 nomen,
459 1327 528 1366 mox
552 1306 636 1365 dabis
659 1308 846 1367 intellectum
868 1309 1002 1367 bonusne
1025 1311 1189 1385 quisquam
1203 1328 1229 1369 m

167 1417 205 1456 an
228 1397 326 1456 malus
349 1396 502 1470 videatur,
530 1415 548 1454 a
571 1395 723 1474 gentibus,
751 1398 786 1455 ut
808 1401 854 1457 est
878 1390 922 1479 (2,
943 1388 976 1478 3)
1000 1397 1188 1474 ,infandum

165 1488 283 1564 regina,
307 1485 391 1544 iubes
417 1503 561 1544 renovare
589 1483 734 1561 dolorem,
763 1486 908 1545 Troianas
936 1489 971 1545 ut
994 1505 1064 1563 opes
1089 1490 1120 1545 et
1143 1487 1188 1546 la·

165 1575 328 1634 mentabile
350 1594 476 1652 regnum
499 1576 631 1657 eruerint
653 1569 780 1651 Danai“,
811 1595 829 1634 a
852 1576 926 1634 locis
951 1566 1094 1657 (2,122)
1120 1577 1189 1651 „hic

165 1662 286 1723 Ithacus
316 1667 416 1723 vatem
443 1681 552 1741 magno
582 1662 747 1724 Calchanta
774 1663 933 1739 tumultu“,
966 1684 984 1723 a
1010 1665 1188 1742 parentibus

166 1745 211 1832 (3,
231 1745 309 1834 247)
334 1751 463 1827 „bellum
486 1754 578 1811 etiam
600 1772 655 1828 pro
679 1754 768 1812 caede
791 1753 881 1814 boum
901 1754 1063 1830 stratisque
1081 1756 1189 1815 iuven·
1204 1774 1231 1815 rs

166 1844 221 1918 cis,
250 1840 549 1903 Laomedontiadae“.
594 1843 669 1902 haec
702 1847 732 1901 et
763 1845 796 1901 in
827 1842 966 1902 laudibus
999 1842 1190 1903 observanda

166 1934 248 2007 sunt,
277 1932 503 2009 aregionibus,
531 1933 565 1989 ut
588 1935 633 1989 est
661 1924 711 2012 (3,
737 1924 769 2001 1)
796 1935 973 2008 „postquam
996 1950 1043 1992 res
1065 1932 1190 2009 Asiae“,

166 2022 280 2081 alocis
309 2013 355 2103 (7,
382 2013 461 2104 1-95)
490 2019 611 2097 „dicite,
639 2019 858 2096 Dardanidae“,
890 2022 946 2081 hoc
980 2025 1026 2081 est
1057 2022 1125 2082 nati
1154 2024 1190 2082 in

165 2109 332 2185 Dardania,
357 2110 572 2186 aparentibus
596 2105 646 2191 (6,
672 2102 750 2191 125)
775 2114 857 2187 „sate
874 2113 1029 2188 ‚sanguiue
1053 2110 1188 2171 divum“.

163 2202 209 2258 ita
233 2203 278 2259 est
301 2218 372 2277 ergo
396 2202 426 2257 et
443 2199 606 2274 Lacaenae,
630 2200 718 2275 quasi
737 2219 838 2259 omnes
862 2218 939 2276 quae
957 2199 1026 2257 inde
1045 2202 1190 2260 oriuntur
1204 2220 1229 2260 ae

164 2289 240 2347 tales
264 2289 333 2361 sint,
356 2291 391 2345 ut
414 2288 565 2364 decipiant
587 2290 712 2347 maritos
737 2292 767 2348 et
789 2288 906 2350 fallant.
953 2290 1077 2365 expletis
1102 2292 1188 2366 prin-

165 2379 260 2453 cipiis,
284 2379 462 2452 inquorum
484 2377 633 2437 brevitate
657 2381 688 2437 et
709 2396 868 2453 personam
891 2378 1037 2453 expressit
1060 2381 1091 2437 et
1115 2398 1188 2439 cau·

164 2485 238 2541 sam,
257 2465 364 2540 incipit
378 2466 526 2524 malorum
540 2468 674 2541 ipsorum
688 2471 842 2543 praestare
855 2469 1010 2526 rationem.
1048 2466 1187 2529 dicturus

163 2556 258 2632 igitur
276 2554 356 2630 quod
375 2554 523 2614 dormiens
543 2556 684 2632 deceptus
704 2558 745 2615 sit
763 2554 933 2632 praetendit
951 2558 1186 2633 excusationem,

163 2662 200 2701 ne
223 2644 288 2702 viro
311 2643 382 2702 forti
410 2645 463 2702 illo
487 2644 534 2702 vel
562 2647 690 2703 maxime
718 2648 852 2720 tempore
882 2646 1076 2705 criminosum
1105 2650 1187 2706 esset
1201 2668 1225 2710 as

164 2733 206 2791 sic
225 2730 378 2806 dormisse,
401 2738 435 2792 ut
454 2734 609 2809 suppliciis
627 2736 792 2793 innumeris
812 2738 991 2810 oportunum
1011 2752 1041 2792 se
1060 2735 1184 2795 faceret.

163 2820 211 2878 hic
234 2840 304 2898 ergo
327 2822 394 2896 loci,
417 2823 559 2897 temporis
583 2827 614 2881 et
636 2844 780 2899 personae
803 2824 919 2883 ratione
942 2826 1062 2882 servata
1080 2828 1186 2885 tuetur

163 2910 259 2986 partis
283 2929 352 2969 suas
376 2915 406 2970 et
428 2914 528 2969 uxoris
553 2917 668 2989 gramt.
714 2931 840 2985 maroque
862 2917 896 2971 eet
912 2931 1082 2986 supremam
1100 2915 1184 2986 falsa

162 3000 238 3058 mter
258 2999 372 3071 cumdio
399 3004 508 3059 moetem
536 3004 678 3074 epemmms
705 3006 781 3061 mesti
810 3006 836 3060 et
864 3004 988 3060 mimium
1015 3005 1184 3063 meminisse

162 3105 274 3147 neeesse
298 3092 353 3147 est:
374 3090 447 3147 fecit
469 3091 565 3149 noctis
584 3092 897 3150 commemorationem
916 3095 946 3150 et
965 3091 1076 3149 adiecit
1094 3094 1225 3171 signare

163 3180 236 3250 eius,
260 3181 295 3235 ut
319 3178 451 3254 apertius
474 3179 591 3238 Aeneas
615 3185 789 3256 agnosceret
812 3181 848 3239 de
873 3200 932 3256 qua
955 3183 1041 3240 nocte
1065 3181 1118 3239 ille
1138 3183 1182 3242 lo-

234 3370 249 3416 6
269 3368 365 3419 etem'm
383 3365 409 3419 V
428 3373 467 3420 eet
484 3369 555 3419 emim
574 3384 624 3420 nos
643 3385 675 3421 ec
694 3385 715 3421 e.
735 3367 789 3421 ΗΟ
805 3368 847 3421 ed.
922 3374 937 3419 7
957 3369 1083 3422 omm'bms
1096 3368 1123 3422 V
1137 3370 1182 3424 ed.

162 3436 320 3491 momim‘tm
337 3455 395 3491 nos.
413 3439 417 3505 Ι
436 3440 518 3492 simon
532 3437 558 3491 V
577 3455 645 3491 corr.
661 3439 705 3491 ed.
779 3446 794 3492 9
815 3440 934 3493 ostendis
952 3438 995 3492 ed.
1013 3441 1017 3507 Ι
1039 3440 1138 3494 velocis
1155 3441 1183 3493 V

161 3510 203 3563 ml
221 3509 286 3563 loeis
304 3509 347 3563 ed.
404 3513 437 3561 10
456 3527 558 3564 mmmm
571 3509 596 3561 V
612 3526 679 3562 corr.
696 3509 738 3562 ed.
796 3516 827 3562 11
848 3517 879 3563 m
897 3517 936 3565 est
954 3510 980 3562 V
997 3517 1029 3565 eet
1047 3527 1099 3563 om.
1112 3512 1180 3567 edF.

217 3586 249 3633 12
273 3580 472 3635 lamentabilem
495 3580 528 3633 V.
621 3587 654 3633 13
677 3587 802 3634 emerem
819 3580 851 3634 V.
945 3587 977 3634 16
1001 3588 1026 3635 et
1049 3583 1081 3635 m
1100 3582 1125 3635 V
1148 3585 1182 3637 e'm

160 3670 213 3707 om.
236 3652 277 3707 ed.
359 3658 392 3705 24
411 3652 537 3721 deceptus
554 3654 591 3707 eit
609 3652 634 3704 V
653 3652 678 3705 d.
698 3652 755 3717 fm't
774 3652 816 3704 ed.
896 3659 929 3705 26
948 3659 981 3706 ut
998 3668 1051 3707 om.
1067 3652 1093 3705 V
1113 3653 1179 3710 add.

149 3725 193 3780 ed.
211 3728 221 3799 f
237 3744 268 3781 se
287 3742 340 3781 om.
359 3723 385 3779 V
403 3722 468 3780 add.
485 3724 527 3780 ed.
