2734 4159
414 393 419 402 .
522 354 793 414 nnunnosn‘
1070 319 1148 423 '611

135 531 165 586 et
192 526 311 585 dubitat
338 528 434 587 virtus
462 545 549 603 posse
570 529 722 603 perveniri
745 528 784 586 ad
805 526 940 601 Italiam,
966 546 1032 586 oum
1055 529 1151 587 virtus

134 618 201 692 ipsa
223 634 285 674 non
306 616 384 675 desit
407 618 437 675 et
460 615 603 675 adiuvent
624 614 711 675 fata?
756 629 847 694 genus
874 615 934 673 fuit
959 616 1151 691 hortamenti,

136 724 194 780 quo
217 704 382 780 inpellebat
402 704 509 780 filium,
527 725 564 764 ne
583 706 771 782 frangeretur
788 704 932 764 tarditate
951 704 1150 780 perveniendi.

134 796 200 866 quis
221 796 329 867 procu
356 795 405 853 illc
432 799 544 854 cutem:
579 794 631 853 ille
659 797 762 853 autem
790 796 842 869 qni
858 794 975 869 ‘procul
1005 797 1062 869 est,
1099 794 1152 853 dat

107 885 226 942 setiam
253 886 347 958 ipsius
376 887 507 960 signum,
534 887 642 952 ramis,
664 884 777 959 inquit,
800 884 926 956 insigms
948 884 1042 943 olicae
1064 900 1151 942 soora

134 973 244 1045 ferens,
273 973 326 1031 ille
354 974 406 1047 qui
433 991 493 1032 non
520 972 609 1049 longe
637 975 683 1032 est
710 975 740 1031 et
768 974 865 1032 olivae
892 971 1047 1031 frondibus
1069 990 1151 1032 coro·

133 1064 223 1120 uatus
251 1065 304 1120 est.
353 1079 438 1120 nosco
466 1063 556 1121 utris
584 1065 750 1135 incouoqae
775 1066 873 1121 meula
899 1061 977 1135 repis
1004 1062 1141 1129 Romani,
1152 1066 1205 1116 810

129 1154 262 1224 primum
279 1153 331 1223 qur
348 1151 458 1224 lapibus
475 1152 577 1210 urbem
593 1152 741 1224 fundabit,
762 1150 890 1211 cauus
907 1152 1014 1224 porcis
1033 1154 1060 1210 et
1071 1169 1150 1224 poa·

128 1257 201 1311 pere
223 1244 303 1299 terra
325 1243 434 1299 musas
455 1243 488 1298 iu
510 1242 667 1313 imperium
688 1258 838 1314 maguum,
856 1241 904 1298 eui
921 1240 1152 1299 deiudcsubibr't

94 1350 120 1389 ro
134 1332 194 1387 otio
216 1331 268 1402 qui
289 1334 405 1403 rumpet
420 1331 540 1402 patriae
562 1330 727 1402 residesque
749 1330 872 1389 movebit
890 1329 995 1387 Tullus
1012 1331 1046 1387 iu
1064 1346 1151 1387 orme

133 1421 213 1475 ciros
236 1422 263 1476 et
283 1420 345 1477 iam
367 1418 485 1477 desueto
507 1420 663 1492 reemptio
685 1420 821 1493 cyminu-
848 1418 944 1476 multa
967 1419 1054 1495 signa
1077 1418 1141 1477 eius
1151 1424 1204 1473 815

134 1507 273 1579 ostendit,
287 1511 323 1566 ut
340 1509 372 1564 in
390 1507 585 1566 multitudine
603 1507 702 1566 media
719 1507 835 1583 positus
853 1508 1003 1584 potuisset
1020 1508 1150 1584 agnosci.

135 1596 245 1671 olivae,
267 1597 381 1672 inquit,
404 1614 521 1654 ramum
543 1598 643 1673 gestet
665 1600 697 1655 et
718 1614 816 1671 sacra,
844 1615 918 1655 cano
942 1596 1036 1672 capiti
1057 1596 1151 1655 barba

135 1686 305 1743 consimilis.
352 1685 426 1743 dicit
448 1684 554 1744 dehinc
577 1702 654 1761 quae
677 1690 755 1745 esset
782 1686 965 1761 temporibus
993 1685 1039 1744 sui
1066 1685 1152 1763 regni

95 1775 276 1833 refecturus.
322 1774 463 1833 fundabit
484 1774 600 1851 legibus
623 1774 763 1850 patriam,
785 1794 839 1833 nec
862 1793 972 1851 magna
996 1777 1049 1832 aut
1070 1774 1151 1833 loou-

134 1863 215 1938 plete
238 1862 407 1922 substantia
429 1864 584 1923 hominum
608 1867 661 1923 aut
683 1864 843 1923 familiaris
861 1866 914 1921 rei,
951 1866 1067 1939 quanta
1085 1863 1151 1922 laus

134 1952 250 2011 modico
271 1955 419 2011 terrarum
438 1952 570 2012 subsidio
590 1971 624 2012 ao
642 1952 846 2029 permodicas
865 1954 938 2011 viris
957 1953 990 2010 in
1007 1971 1151 2029 magnum

135 2041 293 2117 imperium
320 2042 455 2120 pergere!
502 2044 551 2100 cui
577 2042 710 2101 succedit
736 2042 841 2101 Tullus
873 2041 952 2099 filius
979 2041 1151 2117 perditurus

135 2130 246 2208 glorias
264 2132 360 2205 patris
381 2146 459 2206 quas
473 2151 508 2188 ex
527 2132 727 2190 diutnmitete
744 2134 828 2207 pacis
846 2132 946 2189 fuerat
964 2133 1150 2204 consecutus,

94 2240 120 2279 so
134 2220 269 2279 moturus
297 2238 347 2279 eos
374 2221 406 2277 in
433 2220 547 2279 bellum
575 2239 649 2296 quos
679 2223 850 2279 mutaverat
879 2220 964 2296 quies
996 2219 1152 2295 otiumque

135 2310 321 2384 corruperat,
353 2307 463 2368 ducens
501 2311 621 2387 agmine
658 2328 734 2385 qnae
771 2308 916 2368 desisseut
951 2309 1152 2384 triumphar03

134 2398 320 2473 triumphare
348 2400 427 2456 enim
454 2418 514 2457 non
542 2400 642 2473 potest
669 2399 720 2474 qui
754 2397 885 2456 officium
916 2397 1071 2475 pugnandi
1102 2396 1151 2455 de·

134 2489 243 2561 posuit.
291 2504 374 2560 quem
400 2488 485 2545 iusto
510 2490 642 2559 aarum
668 2490 825 2546 morabor
847 2484 964 2546 Aucus:
999 2486 1095 2545 iactat
1121 2504 1152 2545 se

136 2576 270 2650 quisquis
293 2575 455 2650 plurimum
475 2575 532 2634 sibi
550 2575 684 2653 adrogat.
721 2593 801 2633 cunc
818 2591 930 2649 quoque
947 2577 1009 2634 iura
1026 2578 1153 2634 cimirun

94 2683 121 2723 re
133 2663 267 2736 gaudeus
289 2663 486 2736 popularibus
513 2667 613 2723 meris:
643 2664 804 2740 populares
828 2681 918 2723 arurae
942 2667 1012 2722 sunt
1034 2664 1153 2723 favores

135 2752 253 2827 populi,
282 2770 356 2825 quos
383 2772 442 2811 non
471 2757 619 2828 quaerunt
646 2755 805 2829 sapientes.
850 2756 895 2812 vis
923 2758 949 2812 et
973 2753 1154 2826 Torqreiurbs

136 2858 214 2913 repes
243 2843 430 2914 cumamque
455 2843 613 2915 superbam
639 2843 745 2901 ultoris
767 2841 877 2900 Bruti?
923 2841 1078 2917 superbiae
1108 2843 1153 2901 vi·

134 2931 212 2988 tium
239 2931 336 3006 magis
360 2930 533 3006 Tarquiniis
561 2930 733 3007 adplicatur
760 2930 922 2991 secundum
951 2934 1086 2989 veterum
1108 2932 1153 2989 fa-

135 3019 233 3092 bulas,
262 3037 321 3076 non
344 3020 447 3078 Bruto.
492 3021 642 3093 fascesque
664 3021 762 3079 ridere
784 3024 923 3094 receptos,
949 3021 1076 3079 raucus
1097 3022 1153 3079 im-

95 3127 122 3167 so
130 3109 271 3182 perium?
316 3108 451 3167 definivit
480 3108 551 3183 quid
579 3107 639 3167 sint
665 3110 774 3185 fasces,
802 3109 835 3167 hi
858 3111 941 3183 sunt,
960 3110 1078 3183 inquit,
1099 3128 1154 3184 per

135 3216 210 3272 quos
239 3201 365 3273 apparet
395 3199 555 3273 imperium
587 3198 726 3257 consulis.
771 3199 818 3258 bio
843 3200 963 3271 primore
994 3214 1155 3271 socrusque

208 3391 222 3437 1
243 3386 380 3451 perveniri
397 3384 423 3437 V
442 3402 483 3438 ·re
501 3384 544 3438 ed.
609 3389 626 3436 4
645 3390 696 3438 aut
714 3401 765 3453 pro
784 3391 875 3439 cuum
892 3385 923 3438 in
940 3384 1073 3439 lemmate
1091 3383 1124 3439 V.

134 3457 181 3510 ille
200 3463 290 3510 cutem
309 3459 358 3524 qui
375 3456 405 3509 in
424 3455 540 3525 interpr.
554 3454 580 3509 V
594 3457 656 3526 φάε
670 3456 819 3510 substituit
833 3456 890 3509 ed:
909 3456 980 3510 Don.
996 3458 1044 3524 qui
1053 3471 1142 3525 procu

134 3527 238 3596 legisse
256 3526 380 3594 videtur,
405 3527 454 3580 sed
472 3525 611 3596 corrigere
629 3526 717 3581 nolui.
814 3533 847 3580 13
867 3528 956 3582 caude
975 3528 1047 3596 apiti
1064 3526 1097 3581 V.

136 3605 169 3652 18
188 3600 265 3665 filius
283 3614 336 3651 om.
357 3598 401 3652 ed.
465 3604 498 3651 22
518 3598 643 3667 deposuit
660 3597 687 3652 V
704 3614 762 3653 nou
775 3599 872 3668 posuit
888 3598 916 3651 Η
934 3597 977 3651 ed.
1042 3603 1077 3651 26
1095 3605 1154 3653 tar·

135 3671 248 3740 quincue
266 3668 298 3722 V.
377 3674 411 3722 28
430 3670 518 3740 magis
536 3686 589 3723 om.
610 3670 652 3723 ed.
679 3670 683 3741 Ι
713 3671 864 3739 tarquiniis
882 3669 907 3724 V
926 3670 986 3723 -uie
1005 3668 1074 3739 edi
1103 3686 1155 3739 ap-

130 3742 254 3811 pellatur
272 3740 297 3794 V
316 3756 384 3794 corr.
405 3742 448 3794 ed.
522 3746 556 3795 29
574 3742 700 3810 facesque
718 3740 752 3809 V,
772 3741 869 3796 sedin
888 3740 1005 3810 interpr.
1022 3742 1120 3809 foeces.

886 3829 939 3884 39*
