2734 4159
570 339 778 397 PRAEFATIO
1132 339 1184 395 XV

166 513 230 587 ipse
253 512 376 587 profert
421 512 482 569 iam
507 512 561 587 qni
582 510 656 569 mihi
679 510 880 571 assentientur
901 528 940 569 ne
961 510 1039 570 illud
1064 509 1184 587 quidem

168 600 407 677 aspernabuntur
429 600 510 676 quod
531 602 565 659 in
586 600 690 659 libello
713 617 779 659 meo
803 602 970 675 suspicatus
991 618 1065 675 sum,
1084 599 1184 658 Dona·

166 695 240 764 nrm,
264 690 319 765 qni
341 706 409 749 cum
432 690 501 748 aliis
523 690 597 749 locis
619 692 686 748 tum
708 688 739 747 in
760 690 912 765 prooemio
931 690 1086 748 inimicum
1103 707 1135 749 se
1153 691 1184 748 et

167 781 404 853 contemptorem
426 780 691 856 grammaticorum
709 781 740 837 et
757 779 970 855 magistrorum
988 780 1020 837 et
1038 795 1183 837 commen·

166 871 301 927 totorum
324 866 509 945 profiteatur,
530 867 629 927 verbis
650 870 684 926 in
706 866 854 942 principio
877 868 984 942 positis
1007 869 1094 943 „post
1115 866 1184 925 illos

165 977 210 999 ·-
232 955 408 1034 reliquisse“
441 956 567 1016 fortasse
598 955 735 1015 Servium
765 957 996 1033 grammaticum
1028 958 1058 1014 et
1089 957 1183 1034 magi·

166 1050 262 1106 smum
298 1045 380 1104 urbis
417 1049 448 1104 et
483 1047 765 1105 commentariorum
802 1046 977 1121 scriptorem
1019 1044 1183 1105 denotasse.

166 1135 276 1212 quodsi
298 1153 366 1193 cnm
389 1133 498 1193 codicis
521 1134 697 1213 Baginensis
721 1136 898 1209 correctore,
926 1134 979 1209 qni
1007 1136 1112 1209 quanti
1140 1134 1184 1193 fa·

166 1224 289 1284 ciendus
317 1224 357 1283 sit
383 1223 463 1282 infra
491 1242 650 1299 exponam,
682 1225 715 1281 in
742 1224 890 1299 principio
917 1224 1064 1299 prooemii
1090 1221 1183 1298 „tibi“

167 1332 222 1389 pro
245 1311 356 1389 „mihi“
378 1312 478 1389 legere
500 1312 632 1388 placeat,
654 1331 701 1371 res
724 1312 769 1371 ita
792 1330 822 1371 se
845 1311 953 1371 habere
977 1311 1126 1387 videatur,
1149 1314 1185 1371 nt

166 1402 304 1461 Donatus
327 1419 424 1474 senex,
447 1419 516 1460 cnm
538 1400 634 1461 filium
657 1420 746 1461 suum
768 1403 896 1460 tironem
919 1402 952 1459 in
974 1402 1111 1478 magistri
1136 1420 1184 1459 ur·

167 1492 213 1550 bis
241 1490 344 1551 schola
370 1509 478 1566 parum
506 1490 545 1550 ad
568 1490 736 1569 Vergilium
763 1489 996 1568 intellegendum
1023 1490 1184 1565 profecisse

168 1581 365 1659 cognovisset,
388 1581 450 1638 suis
472 1579 772 1657 interpretationibus
796 1579 937 1639 damnum
955 1580 1098 1639 resarcire
1116 1596 1184 1637 con·

168 1669 301 1730 stituerit
323 1687 377 1727 nec
399 1687 482 1727 more
504 1671 623 1728 tantum
646 1671 781 1728 veterum
804 1669 836 1727 in
858 1668 943 1728 libris
966 1668 1131 1742 didacticis,
1150 1671 1185 1727 ut

167 1777 195 1817 v.
211 1758 238 1818 d.
252 1758 377 1817 Hoeven
394 1777 423 1833 p.
440 1750 497 1816 35¹
518 1761 617 1834 putat,
640 1758 692 1817 sed
714 1757 770 1817 hac
793 1759 916 1833 propria
938 1759 1055 1816 ratione
1078 1757 1184 1816 ductus

168 1848 206 1907 ad
233 1846 331 1906 filium
358 1847 518 1923 scripserit.
563 1847 638 1905 mihi
667 1846 788 1923 quidem
816 1849 868 1923 qui
897 1866 1014 1906 omnem
1037 1845 1185 1905 scribendi

168 1955 291 1996 oausam
319 1934 357 1995 ab
383 1936 551 1996 instruendi
577 1935 634 1994 filii
660 1938 838 1996 necessitate
864 1936 942 2011 petit
964 1935 1017 1994 illo
1040 1934 1185 2011 prooemii

167 2027 234 2085 loco
256 2044 317 2084 non
340 2027 550 2084 convenienter
573 2024 609 2085 de
632 2026 694 2084 suis
716 2026 814 2103 magis
837 2043 928 2101 quam
951 2024 987 2083 de
1010 2024 1066 2082 filii
1085 2023 1184 2082 docto-

168 2115 250 2174 ribus
269 2116 403 2192 eogitare
420 2114 549 2173 videtur.
586 2117 717 2174 ceterum
735 2133 795 2174 non
813 2116 903 2173 nimis
921 2113 977 2172 boo
995 2114 1081 2189 pensi
1099 2112 1186 2187 duco,

170 2202 328 2263 dnmmodo
347 2202 500 2262 Donatum
519 2202 617 2262 Servii
639 2205 869 2263 commentarios
892 2205 1027 2281 cognitos
1045 2201 1185 2261 habuisse

169 2292 361 2367 concedatur,
393 2311 430 2351 ne
463 2294 530 2368 quis
562 2293 639 2351 forte
672 2312 741 2351 eum
770 2295 841 2352 ante
869 2291 1005 2351 Servium
1033 2290 1185 2368 scripsisse

169 2384 317 2458 opinetur.
362 2383 510 2441 iuniorem
538 2400 605 2440 eum
633 2383 725 2440 fuisse
753 2381 918 2441 necessario
946 2384 1132 2457 sequeretur,
1160 2381 1187 2439 si

169 2490 273 2531 verum
305 2473 384 2529 esset
416 2470 495 2545 qnod
526 2470 695 2548 Wagnerus
727 2470 763 2528 de
795 2469 921 2548 vulgata
953 2474 983 2529 et
1014 2470 1186 2529 Donatiana

169 2578 272 2620 versus
293 2561 344 2634 12,
358 2561 423 2618 412
447 2559 575 2618 lectione
600 2558 771 2619 adnotavit:
794 2558 887 2636 „illud
911 2560 1030 2634 quidem
1051 2560 1112 2619 fere
1131 2576 1186 2634 pro

170 2652 250 2709 certo
277 2647 382 2708 baberi
410 2651 523 2725 potest,
550 2668 618 2707 cum
644 2651 709 2707 tam
736 2648 937 2707 memorabilis
970 2647 1186 2724 discrepantiae

170 2738 255 2797 nulla
278 2738 360 2797 facta
382 2739 423 2797 sit
445 2738 558 2797 mentio
582 2736 663 2813 apud
687 2736 836 2812 Servium,
864 2738 940 2797 hano
962 2739 1061 2813 ipsam
1083 2737 1186 2795 lectio·

170 2846 237 2886 nem
262 2821 340 2902 ‘ipsa
361 2846 453 2885 mann
468 2874 474 2887 .
491 2873 497 2885 .
514 2822 672 2885 .Dictaea’
694 2845 757 2886 esse
777 2827 831 2885 illo
856 2819 889 2907 (i.
904 2846 928 2885 e.
945 2818 1063 2905 Servio)
1086 2844 1186 2886 recen·

170 2914 304 2976 tiorem“.
341 2915 393 2975 sed
415 2915 491 2975 mihi
508 2916 645 2975 Donatus
668 2916 800 2993 genuina
822 2917 925 2991 potius
938 2915 1069 2992 Vergilii
1087 2913 1187 2989 verba,

169 3024 228 3064 non
257 3004 294 3064 ab
323 3004 424 3080 aliquo
452 3007 615 3064 recentiore
644 3004 770 3064 conficta
795 3023 927 3064 servasse
951 3004 1082 3079 videtur,
1107 3005 1186 3079 qnia,

170 3093 287 3153 utiam
309 3094 445 3169 Heynius
468 3093 625 3167 iudicavit,
648 3092 852 3153 Donatianam
874 3093 1033 3153 lectionem
1056 3093 1187 3152 orationi

170 3185 303 3258 poeticae
326 3183 421 3242 multo
444 3185 542 3261 magis
566 3185 723 3242 convenire
745 3185 828 3259 puto.
874 3184 905 3241 et
928 3183 1070 3258 quoniam
1098 3200 1187 3241 senex

169 3270 431 3347 interpretationes
460 3290 528 3331 suas
555 3271 696 3346 confecit,
723 3272 800 3330 nihil
824 3271 923 3331 obstat
946 3273 1019 3347 quin
1041 3273 1115 3330 natu
1138 3271 1187 3329 vel

170 3363 266 3420 maior
294 3360 397 3420 Servio
430 3361 523 3420 fuisse
556 3362 754 3420 existimetur:
792 3360 886 3420 aetati
915 3360 1077 3419 Servianae
1107 3363 1186 3419 certe

171 3449 380 3510 adscribendus
405 3453 457 3509 est.

235 3538 402 3598 Duodecim
433 3537 582 3599 Aeneidos
618 3538 711 3598 libros
747 3537 873 3597 totidem
905 3539 1188 3612 interpretationum

170 3627 254 3688 libris
276 3628 513 3704 comprehendit3
545 3647 649 3686 verum
671 3631 706 3687 ut
729 3627 765 3687 de
787 3625 926 3706 personis
948 3645 1073 3704 duoque
1095 3630 1130 3683 et
1146 3646 1196 3681 re-

171 3715 223 3775 bus
241 3720 274 3775 in
291 3717 424 3777 Aeneide
447 3720 680 3785 occurrentibus
703 3720 789 3785 filius
815 3720 939 3802 „patrio
960 3718 1075 3796 petius
1087 3706 1219 3770 ideone*
