2734 4159
579 345 761 401 mesmes
779 345 806 400 Π
1137 344 1202 410 193

176 533 264 575 nunc
286 514 491 575 insultationis
513 513 570 574 hoc
592 515 653 574 fuit
675 515 756 591 quod
774 514 855 573 dicit.
888 518 984 588 poros
1002 516 1056 574 alit
1074 515 1202 588 bipaten-

183 606 263 664 tibus
284 603 402 672 adsunt,
424 603 508 663 milia
526 609 599 677 quot
619 606 737 678 mapais
763 622 903 677 coequans
929 621 1032 663 aenae
1054 606 1203 677 Macarta:

184 711 252 754 occe
266 696 358 752 etiam
376 694 426 752 hio
443 695 599 769 portarum
617 693 818 770 bipateutium
836 692 1016 771 significatio
1035 696 1093 768 est3
1111 709 1202 768 supra

184 782 267 842 enim
293 781 370 841 dixit
396 784 567 859 „portisque
593 781 766 859 patentibus
794 801 896 841 omnes
925 783 1078 857 ascipiunt
1101 784 1201 842 socios

157 876 279 948 astque
297 871 419 949 agmina
437 874 519 930 socia
536 870 691 951 iungunt‘.
729 871 860 956 ostendit
878 889 969 930 unam
987 873 1107 946 portam
1122 887 1202 946 quae

184 960 422 1038 ingredientibus
461 958 553 1036 atque
593 960 829 1039 regredientibus
870 962 962 1019 muris
1003 959 1202 1019 incolumibus

185 1052 286 1108 fuerat
316 1053 510 1125 praeparata,
542 1051 669 1109 alteram
702 1050 776 1109 dicit
808 1069 884 1126 quae
915 1050 1017 1108 diruta
1049 1059 1243 1107 murorum

184 1141 272 1214 parte
300 1139 400 1197 fuerat
421 1141 584 1214 patefacta,
608 1143 647 1198 -ut
670 1140 740 1216 equi
762 1140 855 1198 moles
873 1140 1013 1198 'inmensa
1035 1140 1136 1214 posset
1158 1138 1202 1196 iu-

186 1228 264 1287 daei.
301 1247 355 1303 per
376 1228 430 1286 has
454 1246 524 1305 ergo
547 1231 650 1304 portas
673 1246 740 1287 oum
762 1228 855 1303 paulo
879 1230 949 1286 ante
971 1230 1061 1304 poeta
1080 1226 1203 1287 dixisset

145 1340 171 1379 1o
186 1319 301 1392 „omnis
316 1317 468 1392 accipiunt
485 1321 581 1377 socios
600 1321 690 1393 atque
710 1319 830 1395 agmina
848 1318 967 1377 conscie
985 1313 1140 1395 iunpmc,
1153 1316 1202 1374 hio

186 1424 305 1482 quoque
332 1406 386 1464 illo
414 1408 580 1482 inperfecto
607 1406 696 1466 modo
724 1407 822 1465 utitur
847 1405 995 1480 Panthus,
1027 1408 1062 1463 ut
1090 1408 1204 1464 metum

185 1496 349 1554 maximum
372 1496 526 1555 referendo
550 1494 712 1555 confirmet.
750 1495 868 1569 adsunt,
890 1497 998 1572 inquit,
1021 1496 1107 1553 milia
1129 1485 1203 1570 quot

185 1584 304 1662 magnis
331 1602 474 1659 umquam
501 1603 607 1645 venere
635 1584 781 1661 Mycenis,
810 1586 897 1660 quasi
925 1604 985 1643 non
1012 1584 1130 1643 Tenedo
1158 1603 1203 1642 re-

185 1676 336 1733 meaesent
362 1692 436 1749 quos
463 1674 569 1733 habuit
592 1674 691 1734 Troia.
737 1674 848 1732 dicitur
874 1675 935 1734 iam
963 1691 1053 1734 causa
1080 1676 1204 1749 propter

146 1782 170 1823 rs
186 1781 278 1838 quam
296 1780 350 1821 neo
368 1763 504 1822 Panthus
522 1765 625 1841 fugere
644 1766 729 1822 extra
747 1764 878 1841 patriam
896 1764 997 1839 potuit
1015 1780 1069 1821 nac
1086 1762 1202 1822 Aeneas

186 1852 350 1911 secundum
371 1851 510 1912 Hectoris
533 1855 713 1913 sententiam
736 1852 856 1912 valebat
878 1852 970 1911 exiro:
993 1852 1127 1910 obsedere
1149 1852 1203 1911 aas

186 1943 250 1999 tatis
280 1945 408 2012 opposta
435 1944 554 2001 aearum
583 1945 735 2016 oppositae,
766 1945 825 2001 stat
852 1942 926 2014 ferri
958 1943 1035 2000 acies
1066 1957 1203 1999 macram

186 2047 305 2087 corusco
331 2034 445 2099 stricta,
467 2036 581 2104 parata
602 2034 674 2091 acci.
721 2032 830 2104 omnia,
852 2032 961 2106 inquit,
985 2029 1110 2089 adversa
1132 2032 1203 2089 sunt

187 2124 220 2179 et
240 2121 274 2177 in
296 2138 364 2177 eum
387 2119 602 2196 desperationis
625 2121 776 2179 cardinem
796 2119 900 2193 ducta,
918 2121 953 2177 ut
971 2137 1025 2177 nec
1043 2119 1202 2178 consistere

145 2230 171 2267 so
186 2207 219 2268 in
237 2210 338 2284 patria
356 2212 515 2285 quisquam
533 2211 597 2269 sine
615 2212 747 2286 pernicio
766 2210 862 2286 possit
879 2227 932 2267 neo
951 2209 1043 2267 saluti
1060 2207 1202 2285 fugiendo

186 2299 349 2358 consulere.
390 2300 439 2356 oia
456 2301 551 2371 prtem
568 2300 686 2372 proelio
708 2301 848 2371 temptant
862 2302 1021 2371 portorum
1043 2298 1146 2371 cepides
1169 2300 1256 2355 11385

186 2405 270 2447 caeco
278 2388 380 2446 Morte
392 2390 545 2446 resistant:
563 2406 631 2447 cum
645 2406 735 2463 supra
750 2388 859 2447 dixerit
872 2386 1055 2462 „caeduntur
1067 2383 1202 2463 vigiles“‚

186 2476 336 2553 quomodo
362 2476 412 2535 hio
439 2476 515 2535 dicit
541 2476 592 2535 vix
617 2478 710 2553 primi
736 2477 851 2552 proelia
874 2478 1025 2551 temptant
1047 2478 1204 2551 portarum

185 2565 293 2642 vigiles
321 2568 351 2625 et
379 2584 466 2624 caeco
493 2565 590 2625 Marte
617 2563 782 2625 resistunt?
828 2567 881 2624 aut
908 2584 968 2624 uon
996 2584 1095 2624 omnes
1124 2566 1203 2625 caesi

144 2674 170 2713 so
185 2660 258 2713 tunc
280 2655 401 2713 fuerant
423 2672 490 2713 cum
513 2656 607 2715 hostis
630 2673 732 2713 muros
754 2656 882 2713 intrarat
905 2658 935 2712 et
957 2654 1067 2729 reliqui
1084 2655 1202 2712 resisto·

184 2745 261 2803 bant
288 2749 341 2802 aut
367 2745 429 2802 iilis
456 2745 593 2804 omnibus
623 2744 716 2804 caesis
749 2744 877 2803 aliarum
908 2745 1064 2819 portarum
1095 2742 1202 2821 vigiles

183 2836 347 2908 utcumque
369 2833 531 2893 oertabant.
691 2899 694 2904 ,

256 2922 378 2981 Talibus
402 2924 568 2997 Othryadae
590 2924 674 2982 dietis
698 2928 724 2981 et
744 2923 865 2980 comice
887 2921 988 2979 divam
1009 2922 1043 2978 ta
1064 2921 1202 2991 flammas

187 3016 214 3068 et
239 3014 272 3069 ia
300 3030 386 3071 arma
412 3013 506 3084 feror:
543 3031 610 3071 cum
637 3012 713 3070 talia
740 3010 828 3085 mihi,
854 3011 966 3084 inquit,
994 3007 1129 3067 Panthus
1156 3008 1202 3066 iu-

145 3120 170 3159 ss
186 3102 347 3175 sinuasset‚
385 3101 470 3176 quasi
508 3101 637 3176 quodam
674 3100 796 3159 deorum
829 3098 949 3157 numine
982 3099 1024 3157 sic
1056 3116 1122 3157 sum
1154 3116 1201 3156 ac·

186 3207 300 3262 census,
322 3194 357 3248 ut
380 3190 578 3249 desiderarem
602 3189 688 3248 mori.
725 3189 841 3248 dixemt
864 3188 945 3247 enim
967 3187 1202 3263 „pulchrumque

260 3384 274 3429 1
294 3395 370 3433 cuno
388 3378 441 3431 LR
459 3379 502 3432 od.
513 3378 654 3447 expunxit
672 3379 702 3431 et
718 3393 777 3431 aaa
795 3391 931 3445 superscr.
947 3373 1045 3428 addito
1063 3371 1094 3424 in
1112 3387 1201 3441 marg.

186 3464 292 3517 quaere
310 3448 331 3501 r'
351 3449 471 3504 fortasse
489 3456 573 3503 casn?
593 3452 598 3518 ί
620 3449 826 3503 {multationem
844 3447 887 3500 ed.
905 3449 908 3516 1
925 3445 1085 3527 patentiora
1103 3443 1156 3496 th
1173 3445 1203 3498 ti

186 3536 324 3645 estis*
343 3517 855 3662 ttszesopttt'sstsh
873 3516 1065 3644 1131111
1079 3514 1215 3638 11111

186 3680 271 3734 duam
289 3664 332 3716 ed.
412 3672 445 3718 14
463 3681 532 3734 quos
548 3664 571 3719 h
590 3664 634 3720 ed.
653 3664 703 3721 aed
721 3680 791 3736 quoe
806 3662 847 3719 R.
925 3667 962 3718 11
985 3657 1113 3731 oppositi
1131 3654 1182 3706 eh.

181 3734 488 3801 emmam
564 3775 566 3779 Α
718 3768 734 3781 ,
961 3770 964 3776 ,
1189 3751 1191 3755 ,

219 3827 278 3867 1)οΕ
291 3829 388 3880 interpr.
404 3835 474 3887 Verg.
493 3840 545 3883 vol.
557 3841 579 3883 1.
636 3819 639 3826 ⁴
998 3829 1040 3879 ts
