2734 4159
580 332 763 389 AENRIDOS
782 332 821 387 VI
1143 329 1206 395 591

259 503 344 563 Haeo
365 503 418 562 obi
440 503 517 562 dido
535 503 615 562 dedit
631 503 741 562 Phoebi
758 504 900 576 lmeooeoo
916 501 1059 569 sacerdos,
1078 499 1130 559 sod
1147 501 1209 559 iam

191 610 254 665 ope,
278 610 366 665 oorpe
387 594 467 651 oium
490 596 517 651 et
537 597 701 664 susceptum
719 593 829 665 porfiro
851 608 974 650 monos:
1006 608 1141 665 sequere,
1164 590 1208 646 in·

191 682 268 757 quit,
290 682 381 753 viam,
403 684 440 739 ut
462 687 764 756 susceptum-munus
787 681 883 756 possis
904 680 1026 755 inplere.
1064 678 1262 737 accelero-630

190 787 266 839 mus,
285 772 342 829 ait:
360 769 517 829 ordinatur
535 788 637 829 sensus
656 771 712 829 sio:
734 770 808 829 haee
826 769 877 827 ubi
896 768 977 827 diota
996 766 1079 827 dedit
1097 766 1209 826 Phoebi

162 859 339 936 elongaeva
366 858 516 933 saeerdos,
544 859 755 937 aeoeleremus,
782 860 839 934 ait,
867 876 936 935 age,
963 875 1052 932 onrpe
1074 858 1156 916 viam
1179 858 1209 915 et

191 950 363 1023 susceptum
380 948 488 1023 perfioe
507 967 622 1008 munus.
660 947 817 1022 Cyelopum
836 948 937 1006 edocto
957 947 1080 1005 oomnis
1094 946 1209 1004 moenio

189 1039 346 1110 oonspe‘oio,
371 1041 456 1111 douo
478 1039 601 1096 adverso
623 1039 735 1110 fornice
752 1040 865 1111 portos,
883 1037 953 1096 haee
975 1036 1027 1093 obi
1048 1051 1103 1094 noe
1120 1051 1209 1107 proo-

189 1130 273 1199 oepto
294 1128 396 1185 iubent
417 1127 558 1200 deponere
580 1126 674 1186 dono:
703 1125 768 1202 ubi,
790 1126 906 1201 inquit,
929 1126 1076 1201 apparent
1099 1124 1209 1183 oamini

190 1213 355 1291 Cyelopum
379 1218 409 1273 et
432 1234 535 1275 eorum
557 1215 739 1288 habitacula,
762 1214 825 1275 illio
848 1214 1050 1274 donimanus
1073 1212 1209 1270 iubemur

147 1326 175 1366 ιο
190 1322 344 1379 exponere.
394 1304 539 1363 fornicem
575 1304 653 1364 dixit
689 1322 837 1364 eameram
872 1304 905 1362 in
941 1321 1044 1361 areum
1080 1300 1208 1361 duotam.

189 1394 306 1451 dixerat
323 1397 350 1451 et
361 1394 476 1467 portior
492 1395 586 1467 pressi
598 1412 655 1467 per
669 1410 761 1466 opaea
774 1395 892 1453 oiorom
906 1393 1067 1465 eorrepe'oot
1080 1392 1209 1464 spatium

189 1482 318 1549 moditor
335 1482 505 1554 foribusque
520 1484 739 1555 propterquod:
761 1482 835 1540 haeo
854 1501 922 1541 oum
941 1479 1058 1555 Sibylla
1076 1478 1208 1553 dixisset,

189 1568 361 1630 direxerunt
383 1571 450 1645 iter,
472 1573 507 1630 ut
525 1572 658 1647 spatium
675 1573 914 1631 transmitterent
932 1568 1012 1645 quod
1029 1570 1109 1628 inter
1127 1570 1207 1643 ipsos

190 1663 221 1718 et
242 1660 341 1719 looum
364 1658 547 1719 destinatum
570 1660 637 1719 ierit
674 1660 726 1720 sed
749 1660 801 1718 ubi
824 1660 862 1718 ad
884 1660 965 1735 ipsas
988 1659 1066 1718 fores
1084 1660 1208 1717 ventum

145 1770 174 1811 rs
189 1750 244 1823 est,
267 1752 389 1822 oooopot
405 1748 522 1808 Aeneas
545 1750 659 1808 aditum
681 1765 842 1822 corpusque
864 1750 971 1808 reoeote‘
987 1749 1102 1821 sporpd
1119 1750 1260 1819 oooottb

188 1855 362 1911 ramumque
385 1839 506 1897 odoerso
529 1839 563 1896 io
585 1838 686 1898 limine
708 1839 785 1911 fipit:
817 1838 959 1897 lustravit
981 1855 1012 1895 se
1035 1836 1153 1896 Aeneas
1177 1839 1207 1894 et

188 1929 231 1987 sio
254 1945 372 1985 romum
395 1925 466 1985 fixit.

255 2016 315 2074 His
342 2017 458 2075 domoon
481 2018 601 2084 exorto,
629 2012 771 2089 [perfeeto
793 2033 912 2074 mouere
934 2012 1045 2090 diooe]‚
1067 2013 1206 2073 omnibus

187 2105 303 2165 scilieet
325 2104 485 2164 transactis
509 2123 585 2179 quae
609 2104 690 2164 diota
713 2107 784 2163 sunt
802 2107 833 2163 et
851 2105 989 2179 conplete
1008 2102 1106 2164 offioio
1125 2101 1207 2177 quod

142 2214 173 2256 so
187 2194 261 2252 deae
287 2192 426 2267 debebat,
454 2194 591 2252 devenere
614 2195 689 2253 looos
712 2194 802 2253 tostos
824 2198 851 2252 ot
872 2211 995 2252 amoeno
1016 2195 1125 2252 otredo
1146 2193 1207 2265 for-

187 2287 358 2342 toooiorom
384 2300 536 2341 nemorum
561 2284 699 2355 sedesque
727 2284 840 2342 beatos:
876 2286 911 2341 ut
938 2281 1015 2340 dixit
1037 2280 1110 2357 quid
1132 2279 1207 2339 mali

187 2373 229 2432 sit
254 2371 333 2430 male
360 2372 462 2430 vivere
490 2374 580 2447 atque
608 2374 643 2430 ut
665 2374 769 2431 noxios
793 2374 823 2431 et
845 2372 1001 2431 noxiorum
1024 2388 1134 2446 poenas
1158 2388 1206 2429 ex·

186 2460 301 2537 posuit,
329 2461 374 2519 ita
400 2460 467 2519 vult
494 2459 648 2520 ostendere
676 2460 748 2536 quid
776 2462 845 2536 post
872 2462 967 2520 vitam
998 2460 1095 2535 prosit
1126 2460 1205 2518 reete

187 2551 311 2621 vixisse,
342 2568 397 2608 neo
416 2549 518 2631 eoepit
541 2568 560 2607 a
582 2551 717 2625 personis
745 2550 794 2609 vel
822 2569 839 2608 a
866 2548 1024 2609 beatorum
1051 2547 1205 2625 felioitate,

144 2659 171 2699 as
187 2638 239 2697 sed
262 2639 393 2714 primum
415 2640 574 2716 regionum
596 2638 675 2698 bona
698 2639 903 2715 persequitur,
930 2638 1036 2697 dehine
1064 2637 1143 2713 quod
1171 2656 1206 2695 ex

186 2726 261 2804 ipsis
288 2728 362 2787 loeis
390 2728 512 2803 capiant
540 2727 729 2788 commodum
754 2731 784 2787 et
807 2728 911 2803 quales
933 2726 1019 2787 bonis
1042 2726 1116 2801 ipsis
1139 2744 1205 2801 per·

186 2816 333 2875 fruantur.
378 2817 490 2890 loryior
513 2818 559 2875 tio
581 2834 698 2889 compos
721 2818 819 2875 aether
841 2821 868 2875 et
890 2818 999 2875 lumino
1022 2817 1105 2875 uestit
1120 2832 1196 2888 por·
1205 2819 1258 2869 640

180 2923 276 2979 pareo
298 2906 442 2978 solemque
464 2924 561 2975 soom,
582 2923 640 2964 soa
662 2907 762 2964 sidon
784 2910 906 2964 eonor:
937 2905 1015 2963 nihil
1036 2904 1100 2963 illio
1123 2903 1205 2963 deest

187 3014 264 3070 quae
292 2996 392 3070 superi
419 2994 544 3054 habent:
581 2994 625 3054 sol
653 2993 716 3052 illio
749 2996 794 3053 est
825 3012 879 3053 neo
911 2994 1017 3053 desunt
1049 2992 1146 3052 sidera
1174 2994 1204 3051 et

143 3104 172 3145 so
186 3084 304 3142 eaelum
326 3084 524 3159 perspicuum,
548 3082 646 3159 campi
668 3083 740 3164 illio,
766 3086 853 3157 prata
877 3086 966 3159 atque
990 3100 1112 3140 nemora
1135 3081 1203 3140 bea·

184 3171 349 3231 titudinem
367 3172 619 3231 commorantibus
638 3174 802 3248 praestant,
821 3172 919 3230 solum
936 3172 1000 3230 illio
1019 3189 1093 3247 opus
1113 3170 1204 3244 deest,

259 3365 292 3414 18
306 3360 427 3429 perfeeto
442 3391 476 3399 -
491 3360 571 3414 dione
590 3360 670 3413 deest
688 3358 718 3412 in
736 3358 770 3425 V,
790 3357 839 3411 sed
858 3357 1023 3427 explicatur.
1098 3362 1203 3411 19-20

184 3431 258 3500 quod
276 3447 307 3484 eo
327 3429 352 3483 V
370 3448 403 3485 eo
422 3447 475 3484 om.
490 3431 534 3484 ed.
554 3448 578 3499 q.
594 3430 659 3484 deae
676 3446 735 3485 nos.
799 3433 833 3482 ‘20
851 3430 939 3485 vireta
958 3429 1001 3483 ed.
1064 3434 1099 3481 24
1117 3430 1204 3498 coepit

183 3518 238 3557 om
259 3501 303 3556 ed.
394 3508 499 3556 25-26
523 3503 572 3571 qui
594 3519 628 3556 ex
650 3502 719 3571 ipsis
742 3502 807 3556 loeis
829 3503 878 3569 qui
900 3503 1013 3570 oopiom
1030 3500 1148 3569 quod
1170 3518 1203 3555 ex

182 3574 203 3627 ι’.
223 3574 241 3627 1.
261 3574 376 3641 capiant
399 3573 442 3627 ed.
462 3590 522 3628 nos.
614 3579 647 3626 26
667 3574 761 3641 quoles
778 3572 805 3626 V
828 3573 955 3641 qualibus
978 3572 1021 3626 ed.
1052 3574 1056 3640 Ι
1091 3570 1203 3642 epsisV

183 3643 302 3769 1113ίάΞά
327 3714 353 3768 V
389 3650 422 3698 29
442 3662 512 3768 {uae
530 3643 556 3697 V
574 3660 667 3698 eorum
686 3662 709 3713 q.
730 3645 773 3698 ed.
858 3649 892 3698 30
911 3650 991 3713 atquo
1009 3643 1035 3697 V
1052 3659 1086 3698 oo
1104 3642 1148 3698 ed.

183 3720 217 3769 31
272 3722 310 3769 est
371 3724 470 3771 este.
