2734 4159
574 344 758 400 AENEIDOS
776 345 815 400 III
1142 346 1205 410 271

189 515 308 575 visurus
344 534 403 575 non
441 519 518 575 esset
554 518 758 591 quantumque
791 514 861 573 filiis
894 515 1076 591 consumptis
1109 532 1208 575 secum

190 604 327 664 omnibus
350 608 456 680 postea
478 605 577 664 fuerat
601 604 782 677 conlaturus,
800 606 950 679 postremo
972 606 1091 664 tantum
1115 623 1208 679 quan-

189 696 255 752 tum
283 694 412 753 amicum
438 696 471 753 in
493 693 663 769 perfidiam,
692 695 838 768 quantum
860 694 893 751 in
916 693 1076 752 avaritiam
1098 713 1208 771 regem,

190 785 337 859 quantum
363 784 555 842 miseratione
582 785 695 842 reiecta
722 782 832 841 veteris
861 782 1012 842 amicitiae
1044 782 1208 841 debitorem

163 872 222 933 111
245 890 347 931 necem
369 874 456 948 pueri
477 874 579 948 potuit
601 888 772 948 provocare.
805 871 854 930 hic
873 890 990 947 quoque
1008 871 1115 945 locum,
1134 874 1207 931 tem·

190 980 249 1037 pus
276 980 492 1037 personamque
520 963 671 1021 tractavit.
718 960 836 1020 funesta
864 978 899 1019 ac
930 960 1060 1019 nefanda
1091 962 1207 1020 facturo

192 1053 341 1126 oportuna
363 1054 433 1110 sunt
456 1053 535 1110 visa:
567 1069 637 1109 nam
659 1051 742 1110 locus
766 1051 903 1125 quamvis
927 1051 1080 1125 proximus
1107 1051 1208 1108 tamen

190 1141 361 1199 interventu
380 1140 482 1219 pelagi
505 1142 661 1215 separatus
684 1139 745 1197 fuit
764 1159 781 1197 a
800 1138 910 1198 finibus
929 1138 1045 1213 Troiae,
1064 1156 1208 1214 personae

191 1248 262 1287 vero
289 1232 437 1288 tractatus
464 1231 537 1303 fuit,
565 1229 645 1304 quod
669 1227 759 1287 facile
782 1247 908 1304 puerum
931 1230 962 1287 et
984 1228 1081 1287 solum
1103 1245 1208 1286 necare

149 1320 352 1393 repetiisset,
381 1318 564 1377 defensorem
593 1321 693 1378 autem
721 1335 901 1376 emersurum
930 1316 1068 1375 credebat
1093 1316 1209 1375 nullum

192 1408 245 1483 qui
271 1406 419 1467 ultionem
445 1408 603 1467 moliretur
630 1408 733 1482 occisi,
760 1407 869 1466 idonea
894 1425 965 1466 vero
990 1407 1134 1481 temporis
1157 1405 1208 1465 da-

191 1497 282 1555 batur
305 1498 420 1555 occasio
444 1496 562 1555 Iliensis
585 1496 705 1572 imperii
727 1495 872 1555 felicitate
895 1494 1017 1555 deiecta.
1063 1496 1135 1554 fecit
1156 1494 1209 1554 ille

192 1585 273 1661 quod
304 1586 408 1644 infelix
441 1585 476 1644 de
508 1586 593 1644 hoste
624 1585 763 1644 Priamus
794 1586 910 1643 metuit.
964 1602 1029 1643 ecce
1056 1583 1209 1661 Vergilius

192 1674 280 1733 docet
301 1676 333 1732 in
357 1674 489 1735 adversis
512 1692 567 1733 nec
590 1676 694 1733 amicis
712 1673 880 1733 habendam
898 1673 996 1748 fidem,
1014 1673 1066 1731 ubi
1083 1676 1209 1748 possunt

149 1764 301 1825 inscelere
333 1764 417 1823 lucra
449 1764 573 1839 capt-ari.
624 1762 746 1821 difficile
779 1765 824 1821 est
855 1764 935 1821 enim
967 1763 1080 1821 servari
1110 1762 1208 1836 fidem,

191 1872 259 1911 cum
285 1853 417 1912 fatorum
445 1854 586 1928 primitus
613 1851 706 1911 fuerit
732 1854 844 1926 fracta3
875 1852 998 1926 perinde
1025 1852 1104 1910 enirn
1129 1851 1209 1910 inter

192 1941 303 2001 amicos
326 1941 398 2001 fides
422 1945 525 2002 estut
548 1944 686 2002 fortunae
710 1945 740 2000 et
762 1942 893 2001 fatorum
917 1959 1018 1999 cursus
1042 1960 1105 2000 sese
1123 1959 1209 2016 prae-

190 2032 319 2090 buerint.
364 2031 434 2089 hinc
457 2033 548 2107 poeta
572 2032 732 2108 conpulsus
755 2051 790 2090 ex
813 2048 939 2107 persona
963 2030 1025 2089 eius
1050 2049 1138 2105 quem
1165 2031 1208 2088 lo-

192 2123 333 2196 quentem
368 2120 528 2179 induxerat
564 2122 607 2180 sic
643 2120 818 2196 cupiditatis
856 2121 922 2179 auri
958 2119 1208 2195 vituperationem

149 2209 309 2284 1111111111,
327 2212 363 2267 ut
385 2210 518 2287 generali
541 2210 754 2268 exclamatione
774 2209 886 2268 diceret
904 2208 975 2281 11111
992 2225 1052 2267 reon
1072 2210 1209 2267 mortalia

184 2303 307 2372 pectora
329 2300 746 2372 119111111111111111111
776 2317 843 2358 cum
867 2298 940 2356 dicit
963 2298 1035 2372 quid
1058 2316 1126 2371 non,
1149 2315 1209 2356 non

190 2389 311 2445 tantum
334 2387 370 2446 de
393 2389 546 2462 praesenti
564 2406 654 2447 causa
672 2388 773 2463 sensit,
793 2386 844 2446 sed
863 2386 898 2444 de
918 2388 1000 2444 omni
1018 2405 1125 2462 genere
1143 2405 1208 2461 per·

191 2495 332 2535 sonarum
364 2479 394 2535 et
429 2478 682 2536 necessitudinum
718 2479 749 2535 et
785 2476 821 2534 de
858 2474 1031 2534 criminibus
1063 2475 1208 2534 omnibus.

192 2565 281 2625 sicuti
304 2567 384 2624 enim
407 2567 518 2625 lectum
540 2569 658 2627 constat
677 2569 707 2624 et
726 2563 860 2639 exempla
883 2567 1018 2623 veterum
1037 2563 1209 2640 docuerunt,

149 2655 264 2716 refecit
292 2657 359 2713 auri
386 2655 535 2731 cupiditas
562 2657 678 2731 patriae
711 2653 891 2730 proditores,
924 2653 1048 2728 aurique
1079 2654 1208 2728 pondere

191 2743 281 2801 fidem
304 2762 392 2820 saepe
414 2744 546 2803 militum
569 2745 711 2818 fractam,
733 2742 861 2802 fractam
885 2744 1058 2821 coniugum,
1081 2742 1209 2802 fractam

190 2836 361 2907 nautarum,
379 2835 505 2892 fractam
523 2834 737 2909 proximorum,
754 2834 882 2891 fractam
901 2831 1063 2907 foederum,
1081 2833 1209 2891 fractam

265 3028 278 3073 1
299 3038 412 3089 cumque
429 3021 492 3075 illoc
510 3027 682 3089 cousumptos
700 3037 789 3074 secum
803 3020 856 3073 LR
874 3038 895 3075 c.
911 3020 960 3074 illc
978 3025 1136 3088 consumpto
1154 3037 1175 3074 s.
1195 3038 1209 3072 r

191 3092 234 3145 ita
258 3091 418 3158 emendari,
445 3094 479 3145 ut
501 3091 536 3146 de
560 3092 719 3145 hereditate
742 3091 871 3146 omnibus
895 3090 961 3145 filiis
989 3091 1133 3144 destinata
1161 3107 1178 3143 a
1201 3090 1206 3101 '

191 3162 388 3232 intellegatur3
407 3163 530 3231 praefixo
550 3162 635 3230 „dare
653 3162 765 3230 potuit“
785 3162 895 3232 reliqua
912 3164 945 3216 ut
959 3162 1012 3215 LR
1025 3161 1146 3215 tradidit
1160 3178 1176 3216 1

191 3234 288 3303 inepte
307 3236 375 3287 mut.
391 3234 456 3287 111.
517 3240 534 3287 4
552 3236 653 3288 misero
666 3240 772 3288 comeret
785 3239 853 3288 tecta
867 3233 919 3286 LR
932 3252 966 3287 m.
982 3235 1095 3288 comitere
1108 3239 1177 3287 tectu
1195 3250 1209 3285 r

191 3307 365 3359 miseratione
382 3306 481 3360 reiecta
503 3322 555 3359 noe
579 3304 627 3375 (ad
649 3306 749 3360 reiecto
772 3303 807 3358 cf.
828 3306 890 3374 260)
912 3306 1061 3359 miserrimi
1077 3309 1166 3358 1111111
1184 3310 1210 3358 ei

192 3376 236 3431 ed.
253 3377 258 3447 Ι
274 3378 418 3431 debitorem
431 3376 484 3429 th
497 3377 586 3431 debito
604 3394 693 3447 repem
711 3376 754 3429 ed.
818 3381 833 3429 6
851 3376 964 3443 frmeota
977 3375 1030 3429 La
1044 3392 1113 3443 qaae
1127 3375 1149 3440 f.
1164 3374 1206 3428 ed.

264 3452 281 3501 8
299 3449 457 3502 interventis
474 3447 528 3500 LR
546 3454 589 3502 -111
607 3464 658 3501 noe
677 3448 883 3517 imterpositione
901 3447 944 3500 ed.
966 3449 970 3516 Ι
990 3452 1135 3515 separatus
1151 3445 1209 3512 fuit

191 3518 245 3571 LR
262 3525 407 3587 seperatus
425 3526 484 3573 erat
502 3520 567 3573 edP.
661 3524 694 3573 12
712 3519 779 3586 ferit
797 3519 839 3573 ed.
933 3523 965 3571 15
983 3535 1091 3573 seruare
1109 3516 1152 3576 ed.

194 3596 226 3643 16
242 3592 374 3659 primitus
386 3591 473 3657 fuerit
486 3592 564 3657 farta
577 3590 630 3643 th
639 3608 684 3659 pr.
699 3592 720 3657 f.
735 3591 827 3657 fracta
841 3590 866 3642 R
880 3589 941 3658 ipae
956 3588 1002 3643 rel
1018 3606 1034 3642 r
1052 3588 1216 3659 (11111111,

192 3678 229 3714 an
245 3662 371 3730 pruritus
393 3678 444 3731 pro
459 3664 593 3731 primitus
615 3662 651 3718 cf.
671 3662 784 3719 deorum
803 3663 973 3734 pronitatem
987 3666 1068 3715 nai
1109 3661 1236 3711 aduersu

185 3733 209 3797 fi
225 3736 306 3797 faeta
322 3735 460 3789 conversio
478 3734 522 3789 ed.
602 3740 635 3791 19
655 3737 870 3810 vituperatione
889 3735 938 3792 ed.
