2734 4159
581 335 788 392 PRAEFATIO
1090 335 1193 390 XXXV

171 504 261 582 rigit,
294 504 429 563 ordinem
460 505 538 563 male
571 504 720 578 turbavit,
749 505 826 581 quod
854 508 1021 564 accuratius
1048 524 1193 581 exponere

172 594 299 671 longum
317 595 370 653 est.
404 594 434 667 6,
449 594 513 652 824
532 597 601 669 post
615 592 811 668 „Oamillum“
830 595 980 654 lemmatis
999 594 1072 654 haec
1089 594 1192 653 habet:

171 685 285 757 „immo
295 682 380 741 Decii
393 682 503 758 phoebi
516 682 615 758 plebei
627 703 699 742 nam
713 684 847 759 plebeiae
857 684 1017 743 Deciorum
1027 684 1144 742 animae
1158 685 1193 741 ut

171 772 275 847 inquit
294 770 447 846 Satyrus“,
465 775 530 831 tum
554 791 629 847 quae
652 773 685 831 in
699 772 847 831 Vaticano
866 775 1008 832 continuo
1028 777 1194 848 sequuntur

171 860 277 936 „Decii
305 864 336 919 et
364 859 471 918 Drusi“
500 864 556 920 etc.
602 860 746 937 „phoebi“
774 861 914 921 librarius
946 864 1010 938 ipse
1041 862 1192 937 expunxit,

172 969 231 1025 qua
255 970 288 1008 re
311 950 385 1009 haec
407 950 499 1008 verba
521 969 582 1009 non
600 969 619 1009 a
637 956 732 1009 semet
749 953 816 1027 ipso
834 953 956 1025 inserta,
975 950 1077 1011 sedin
1096 969 1192 1010 exem-

170 1039 251 1115 plari
283 1040 406 1098 inventa
438 1057 501 1098 esse
532 1039 648 1116 prodit,
683 1039 822 1115 idemque
851 1039 922 1099 ordo
950 1042 1069 1116 ineptus
1097 1040 1193 1113 docet,

170 1147 241 1186 nam
265 1130 370 1187 contra
393 1128 547 1187 Donatum
569 1129 681 1203 scripta
705 1121 861 1211 („immo“)
888 1132 956 1205 post
980 1123 1191 1204 „profuerunt“

169 1217 330 1276 inserenda
353 1220 447 1277 erant.
484 1220 515 1274 in
534 1217 683 1277 Vaticano
707 1218 783 1276 nihil
806 1218 977 1277 huiusmodi
999 1220 1090 1291 extat,
1113 1217 1192 1276 unde

170 1307 301 1365 efficitur
323 1309 358 1364 ut
379 1305 467 1383 huius
490 1305 562 1364 libri
584 1308 761 1382 scriptorem
783 1327 843 1366 non
857 1307 1005 1365 Vaticano
1028 1308 1192 1383 exemplari

169 1415 258 1454 usum
282 1413 345 1454 esse
368 1398 545 1470 statuamus,
564 1394 616 1468 sed
639 1397 710 1470 alio,
729 1398 812 1455 cuius
835 1399 868 1454 in
890 1398 1027 1474 margine
1048 1396 1121 1454 haec
1140 1396 1190 1455 ad·

169 1489 277 1543 notata
301 1488 394 1542 erant.
432 1486 498 1559 quis
522 1484 573 1542 ille
599 1484 726 1561 Satyrus
750 1486 790 1544 sit
808 1487 920 1545 nescio:
944 1505 1037 1543 unum
1056 1487 1189 1561 apparet,

169 1574 330 1633 verbomm
360 1573 480 1631 illorum
508 1576 659 1633 auctorem
690 1574 858 1633 doctrinam
885 1594 970 1635 suam
999 1578 1102 1633 contra
1130 1574 1190 1633 Do-

168 1666 275 1721 natum
300 1665 450 1721 ostentare
473 1662 611 1722 voluisse.
634 1696 678 1704 -—
707 1664 785 1722 hunc
814 1683 932 1739 quoque
959 1663 1070 1722 librum
1093 1662 1190 1721 Stutt-

169 1751 299 1829 gartiam
331 1752 544 1827 benignissime
575 1753 784 1813 transmissum
816 1756 920 1813 nostra
949 1753 980 1810 in
1008 1751 1190 1811 bibliotheca

169 1840 284 1899 contuli
307 1859 376 1898 vere
401 1842 495 1898 1903.

235 1928 393 1987 Urbinas
418 1930 480 1987 346
514 1930 713 1990 bibliothecae
736 1930 915 2006 Vaticanae,
950 1931 1090 1989 foliorum
1116 1930 1189 2005 387,

167 2018 283 2078 formae
315 2019 450 2092 maioris,
484 2019 601 2078 saeculo
629 2019 686 2077 XV
718 2020 749 2078 in
781 2020 955 2079 membrana
991 2019 1190 2079 subtilissima

167 2107 366 2184 pulcherrime
393 2108 521 2182 scriptus
549 2107 628 2166 hunc
656 2109 780 2167 titulum
808 2108 899 2167 habet
926 2107 1082 2185 magnifice
1106 2126 1188 2172 exor-

168 2200 287 2255 natum:
320 2197 369 2270 „in
391 2197 448 2255 hoc
471 2196 571 2255 codice
595 2199 766 2256 continetur
788 2200 934 2272 expositio
956 2196 1071 2256 Donati
1098 2214 1189 2271 super

167 2285 301 2345 Aeneide
330 2284 483 2361 Virgini‘t
536 2289 606 2362 post
636 2288 874 2361 superscriptum
906 2286 1037 2362 „Tiberii
1070 2284 1189 2345 Claudii

168 2373 284 2435 Donati
321 2374 358 2433 ad
395 2374 548 2433 Tiberium
586 2373 747 2434 Claudium
781 2375 946 2434 Maximum
983 2375 1187 2434 Donatianum

167 2463 264 2522 filium
282 2483 369 2523 suum
392 2465 675 2539 interpretationum
689 2464 927 2541 Virgilianarum
946 2464 1093 2523 Aeneidos
1111 2464 1188 2523 liber

167 2556 283 2628 primus
302 2553 411 2627 incipit
429 2551 592 2611 foeliciter“
616 2555 752 2628 sequitur
769 2554 857 2629 „illos
876 2552 955 2630 qui“.
993 2556 1093 2613 sextus
1110 2553 1189 2612 liber

167 2646 237 2718 post
264 2641 356 2701 verba
383 2660 544 2717 „ponemus
572 2640 726 2717 exempla“
755 2663 781 2701 v.
802 2643 880 2717 579,
904 2643 1094 2702 duodecimus
1118 2645 1189 2718 post

167 2732 229 2805 „sic
253 2733 333 2789 enim
354 2731 409 2788 illa
433 2727 565 2789 dixerat“
589 2750 616 2789 v.
632 2733 693 2789 471
721 2731 919 2806 abrumpitur.
962 2733 1036 2791 alias
1059 2733 1188 2791 maiores

166 2820 290 2879 lacunas
309 2820 436 2878 fortasse
453 2820 642 2893 invenissem,
661 2822 687 2879 si
705 2823 802 2879 totum
821 2821 932 2880 librum
950 2822 1187 2897 perlustrassem.

167 2928 217 2968 eas
247 2908 355 2983 quibus
383 2907 474 2965 LVR
500 2910 533 2967 in
559 2908 604 2966 IV
626 2908 670 2967 VI
694 2908 753 2968 VH
776 2910 851 2969 VIH
878 2910 965 2970 hiant
990 2912 1039 2970 hic
1067 2929 1187 2985 quoque

166 2996 271 3071 habet,
299 2998 331 3055 in
354 2997 413 3055 XII
436 3000 604 3073 comparari
626 3000 738 3074 nequit.
785 3000 922 3059 breviora
948 3000 1103 3072 librarius,
1131 3001 1188 3057 aut

167 3088 262 3145 oculis
286 3086 426 3145 aberrans
451 3090 504 3145 aut
528 3088 599 3161 quia
621 3088 719 3165 legere
743 3108 802 3147 non
825 3091 928 3164 potuit
954 3092 1009 3147 aut
1032 3089 1185 3164 quianon

166 3176 329 3249 intellexit,
358 3176 489 3250 plurima
517 3175 632 3250 omisit,
664 3178 815 3252 permulta
842 3178 890 3236 vel
917 3185 1027 3236 temere
1055 3179 1187 3235 mutavit

166 3265 216 3323 vel
243 3264 358 3323 mendis
386 3264 578 3338 deformavit,
606 3269 676 3324 sunt
704 3269 804 3326 autem
833 3268 925 3325 etiam
953 3285 1028 3341 quae
1052 3267 1187 3325 correcta

166 3353 318 3429 praebeat.
344 3381 385 3393 -
409 3354 524 3411 contuli
546 3353 638 3414 libros
661 3354 706 3411 IV
728 3356 757 3412 V
779 3355 839 3415 VlI
861 3356 888 3413 X
911 3355 1023 3414 Romae
1049 3356 1144 3414 1901.

233 3443 518 3501 Malatestianus
537 3441 735 3503 bibliothecae
751 3443 922 3504 (lesenensis
936 3444 967 3502 Π
983 3446 1034 3519 22,
1049 3446 1078 3517 4,
1092 3462 1184 3502 mem-

166 3530 344 3604 branaceus,
376 3532 515 3591 foliorum
542 3532 620 3607 321,
651 3533 769 3593 saeculo
792 3533 847 3591 XV
875 3534 1017 3609 scriptus,
1045 3532 1185 3596 Urbinati

167 3621 266 3680 affinis
290 3639 353 3680 esse
375 3620 502 3679 videtur.
548 3640 627 3695 nam,
650 3621 770 3681 etiamsi
792 3624 823 3680 in
849 3623 877 3698 6Ὶ
895 3623 957 3681 168
983 3640 1053 3680 cum
1064 3622 1107 3695 V,
1124 3640 1191 3679 nou

166 3727 231 3768 cum
245 3710 280 3767 U
297 3712 445 3768 consentit
462 3714 493 3769 et
509 3712 629 3771 sextum
649 3711 764 3775 librum
781 3716 908 3795 praeter
921 3712 1060 3775 t-itu
1080 3711 1218 3788 pisum

965 3815 998 3872 Q*
