2734 4159
572 342 757 399 AENEIDOS
773 343 813 399 IV
1138 344 1204 410 399

187 512 280 570 etiam
309 531 384 588 quae
412 513 540 572 ducrum
566 515 687 573 tantum
714 516 909 574 conventione
932 514 1015 574 nulle
1037 518 1114 574 teste
1137 535 1203 590 per·

183 599 335 659 ficiuntur.
371 601 496 661 noverat
518 599 597 661 eirim
621 621 679 679 quo
704 621 810 681 genere
831 605 865 660 in
887 602 1006 662 Aeneae
1029 604 1113 663 velut
1135 623 1203 664 con·

187 690 313 749 sortium
336 692 452 749 venerit
474 694 505 750 et
527 692 604 751 hanc
626 694 744 767 partem
762 694 878 751 munire
897 691 1051 751 nitebatur
1069 695 1203 753 metuens

187 798 224 837 ne
247 779 305 838 sibi
328 778 503 839 obiceretur
517 781 596 856 quod
617 782 699 840 infra
716 781 833 840 Aeneas
857 781 969 840 adserit
988 782 1087 841 dicens
1106 774 1201 863 (338)

158 885 258 942 s„nec
286 871 420 947 coniugis
447 889 590 945 umquam
621 870 778 945 praetendi
808 869 940 930 taedas“.
985 872 1106 946 incepta
1132 890 1202 930 vero

186 958 397 1032 dispositiones
430 957 512 1033 sunt,
544 962 579 1017 ut
609 960 747 1035 plurimis
779 957 852 1017 locis
884 962 915 1017 et
947 960 1027 1035 apud
1056 960 1202 1036 plurimos

186 1047 296 1106 lectum
320 1050 374 1120 est,
400 1050 431 1107 et
453 1047 641 1108 definitiones
669 1049 837 1107 animorum
865 1048 1049 1125 significant,
1076 1053 1111 1108 ut
1137 1052 1201 1125 ipse

184 1136 336 1214 Vergilius
365 1130 410 1217 (1,
430 1129 487 1218 37)
516 1156 624 1211 „mene
651 1138 772 1213 incepto
799 1137 941 1197 desistere
971 1135 1124 1197 victam?“
1171 1142 1202 1197 et

186 1224 346 1284 Sallustius
371 1218 453 1306 (hist.
476 1223 492 1284 Ι
517 1219 622 1307 74Μ.)
650 1246 740 1301 „nam
761 1227 837 1285 talia
860 1229 995 1303 incepta,
1022 1228 1055 1285 ni
1077 1229 1110 1285 in
1132 1246 1201 1287 con-

144 1332 172 1372 ιο
186 1313 328 1373 sultorem
351 1317 524 1396 vertissent,
551 1315 733 1390 reipublicae
760 1319 873 1391 pestem
901 1315 1045 1375 factura“.
1091 1317 1201 1376 multos

184 1403 241 1461 hoe
264 1402 329 1461 loco
352 1404 448 1462 trahit
468 1423 539 1480 pars
561 1404 625 1479 illa,
649 1405 729 1481 quod
750 1407 830 1463 inter
852 1406 974 1464 Aenean
1000 1409 1030 1464 et
1052 1405 1201 1464 Didonem

184 1510 264 1550 nova
291 1495 460 1552 coniunctio
487 1493 645 1571 agebatur,
675 1496 706 1553 et
732 1494 774 1553 sic
795 1495 930 1569 inceptos
954 1494 1133 1571 hymenaeos
1155 1497 1201 1553 in·

184 1581 332 1659 tellegunt
360 1585 447 1657 quasi
473 1582 585 1642 recenti
612 1587 746 1658 tempore
769 1586 946 1643 contractos.
993 1584 1073 1659 quod
1096 1586 1201 1642 contra

184 1673 243 1744 est3
279 1689 348 1728 nam
382 1673 407 1729 si
438 1674 483 1730 ita
516 1675 606 1747 esset,
643 1675 762 1748 coeptos
800 1671 924 1746 diceret,
960 1692 1020 1731 non
1056 1672 1198 1749 inceptos.

143 1774 170 1818 15
185 1762 264 1817 certe
288 1762 318 1817 et
341 1761 456 1819 animus
480 1761 606 1821 Didonis
628 1761 830 1837 inspiciendus
853 1764 911 1834 est,
935 1780 1012 1836 quae
1035 1762 1101 1820 vult
1122 1762 1199 1820 illud

185 1848 265 1923 quod
292 1851 405 1924 passim
432 1852 462 1908 et
489 1851 580 1928 vulgo
608 1850 722 1909 factum
750 1853 795 1909 est
824 1852 1050 1909 matrimonium
1079 1851 1138 1909 dici
1168 1854 1200 1909 et

181 1937 307 1996 Aenean
328 1937 448 2012 quaerit
470 1958 629 1999 consensus
653 1939 837 2016 praeiudicio
860 1939 991 2017 coniugii
1014 1939 1130 2017 legibus
1149 1940 1198 1998 de·

183 2027 286 2085 tinere.
333 2045 385 2085 oro
412 2031 456 2103 te,
485 2029 510 2087 si
536 2028 611 2087 bene
639 2029 713 2105 quid
739 2028 776 2086 de
802 2031 833 2087 te
861 2028 956 2086 merui
983 2029 1042 2087 fuit
1065 2033 1119 2087 aut
1140 2029 1199 2088 tibi

184 2115 345 2190 quicquam
379 2115 463 2176 dulce
494 2137 607 2176 meum:
644 2119 674 2175 et
701 2116 913 2176 beneficiorum
940 2136 1061 2178 suorum
1090 2121 1120 2176 et
1147 2119 1198 2176 ad·

142 2222 170 2263 ac
183 2205 280 2263 fectus
308 2207 524 2265 coniunctionis
551 2206 647 2281 ipsius
674 2206 862 2283 intellegitin
883 2206 1019 2284 tetigisse
1041 2208 1197 2265 rationem.

183 2312 235 2351 oro
258 2297 298 2363 te,
321 2296 458 2353 miserere
482 2295 586 2354 domus
608 2296 750 2354 labentis:
776 2298 963 2354 commoveat
984 2300 1013 2354 te
1036 2295 1198 2371 miseratio,

182 2401 220 2441 ne
247 2381 362 2440 mecum
390 2387 581 2443 consumatur
604 2386 750 2443 memoria
772 2385 901 2444 nominis
925 2384 996 2458 mei,
1024 2384 1197 2444 scilicetne

181 2471 334 2530 labantem
354 2491 436 2548 spem
457 2472 554 2532 meam
577 2473 749 2532 adiumento
772 2475 818 2532 tui
842 2473 992 2533 abscessus
1015 2474 1144 2549 impellas
1167 2477 1199 2533 et

182 2562 305 2619 sternas.
352 2564 383 2619 et
405 2563 505 2636 istam,
528 2580 589 2638 oro,
612 2562 706 2637 siquis
730 2562 826 2621 adhuc
848 2562 985 2637 precibus
1008 2563 1099 2636 locus,
1124 2581 1197 2622 exue

140 2672 167 2712 ss
181 2650 324 2708 mentem:
349 2653 379 2707 et
402 2652 453 2724 sic,
476 2650 587 2726 inquit,
610 2651 748 2727 plurimis
771 2670 853 2727 rogo,
873 2654 915 2726 ut,
933 2651 985 2709 ubi
1009 2651 1105 2711 adhuc
1127 2670 1197 2727 pars

182 2739 285 2814 aliqua
310 2740 439 2815 pectoris
467 2740 515 2798 tui
542 2743 630 2799 vacat
658 2744 748 2815 atque
777 2743 822 2799 est
849 2742 981 2816 spatium
1009 2740 1088 2815 quod
1115 2759 1196 2801 meas

180 2846 282 2903 preces
320 2829 461 2904 excipiat,
497 2828 652 2891 indefessis
689 2829 802 2888 viribus
838 2848 945 2907 rogare
981 2848 1041 2889 non
1077 2848 1195 2889 cessem

181 2916 258 2974 dixit
281 2935 311 2975 se
334 2918 523 2976 morituram:
546 2921 581 2976 ut
604 2922 706 2977 autem
728 2917 866 2978 credatur
886 2918 918 2976 id
936 2937 1023 2994 posse
1042 2922 1073 2977 et
1091 2918 1196 2978 debere

180 3005 329 3081 perficere,
353 3006 427 3065 dicit
450 3025 563 3081 causas,
585 3011 620 3066 ut
638 3008 756 3067 Aeneas
779 3026 936 3067 causarum
954 3009 1088 3085 ipsarum
1107 3026 1197 3067 causa

253 3236 266 3281 1
288 3236 371 3299 ipro
390 3230 519 3300 etiaosrL.
611 3236 626 3282 2
648 3231 690 3285 cel
707 3230 760 3283 LR
782 3248 836 3286 om.
856 3230 898 3285 ed.
918 3232 990 3285 velut
1012 3248 1063 3285 nos
1088 3232 1122 3286 cf.
1144 3236 1194 3286 167

180 3303 210 3354 et
229 3305 288 3354 338.
354 3302 493 3355 eveniret
510 3302 562 3355 LR
581 3303 684 3372 venerit
702 3301 768 3356 eds.
836 3304 921 3356 Asub
940 3301 993 3356 LR
1010 3303 1065 3357 eibi
1082 3321 1097 3356 r
1114 3302 1158 3358 ed.

180 3378 291 3426 hocce
310 3389 362 3440 pro
385 3390 433 3426 uec
451 3372 509 3426 LR.
541 3376 545 3443 Ι
577 3374 716 3442 praecedit
737 3390 788 3441 pro
806 3374 954 3442 praetendi
971 3373 1031 3428 LR.
1061 3377 1066 3442 Ι
1099 3377 1197 3431 taedas

180 3460 232 3495 om.
249 3444 301 3496 LR
318 3444 413 3497 omnia
427 3461 495 3498 corr.
507 3445 572 3497 edF.
628 3446 796 3499 tectonica
813 3443 866 3498 LR
885 3443 955 3498 alibi
974 3446 1001 3498 ll.
1057 3452 1145 3499 s-10
1163 3449 1196 3502 ni

179 3516 333 3569 inconsulto
356 3518 525 3572 revertissent
542 3515 594 3568 LR
613 3515 656 3569 ed.
677 3531 745 3569 corr.
765 3533 779 3568 r
802 3515 837 3569 ef.
853 3521 877 3584 1,
888 3520 930 3570 37.
1019 3522 1052 3570 17
1071 3519 1196 3589 coniecit

179 3585 232 3638 LR
250 3594 276 3641 et
292 3604 314 3640 c.
330 3587 373 3640 ed.
430 3592 463 3640 22
482 3586 589 3641 mcLR
602 3603 706 3641 mecum
718 3603 770 3639 nos
789 3603 842 3641 om.
853 3586 896 3642 ed.
951 3593 985 3640 23
1005 3587 1137 3643 labentem
1150 3590 1193 3660 ed.

216 3662 251 3709 24
272 3673 387 3726 spernas
408 3657 461 3711 LR
483 3658 526 3713 ed.
550 3666 656 3713 sternas
679 3674 738 3712 nos.
827 3664 861 3712 26
881 3659 1012 3727 pransus
1034 3659 1078 3712 ed.
1108 3662 1113 3729 1
1145 3662 1195 3715 orbi

179 3727 232 3780 LR
251 3728 294 3782 ed.
313 3734 345 3781 ut
362 3730 412 3783 ubi
429 3744 487 3783 nos.
561 3734 595 3783 28
614 3730 750 3785 moritura
768 3729 797 3783 L.
819 3730 823 3802 Ι
847 3736 939 3784 autem
957 3747 1009 3784 om.
1025 3731 1068 3785 ed,
