2734 4159
582 339 765 394 AENEIDOS
785 340 823 393 Vl
1145 339 1210 404 605

194 511 278 569 ducit
306 511 377 570 deus
404 510 442 569 ad
470 509 634 569 Lethaeum
661 509 801 583 fluvium,
824 509 908 568 cuius
931 510 1001 568 talis
1025 514 1070 569 est
1092 510 1152 583 viS,
1176 513 1211 568 ut

195 601 331 675 quisquis
355 619 390 658 ex
414 619 448 658 eo
471 598 581 657 biberit
603 600 779 657 memoriam
802 600 963 673 superioris
982 599 1126 676 temporis
1144 617 1210 675 per-

194 689 255 762 dat,
279 708 332 747 nec
356 688 427 763 quid
450 688 555 747 fecerit
577 707 632 747 nec
656 687 728 763 quid
751 705 856 763 passus
880 687 918 745 sit
945 690 1048 747 teneat
1074 687 1209 764 perinde·

194 797 251 853 que
279 779 425 836 inmemor
452 778 586 837 redditus
613 776 741 853 incipiat
767 777 844 836 velle
870 796 1003 835 remeare
1026 776 1064 835 ad
1088 795 1209 852 superos
1244 844 1247 850 ¹

165 870 224 925 aet
246 866 328 925 mala
351 867 483 943 corporis
506 867 615 925 iterum
638 866 712 944 pati.

260 955 387 1015 Dixerat
408 954 550 1015 Andarae
571 958 730 1029 natamque
752 972 870 1027 aaaqae
891 954 1034 1031 Sibyllam
1056 960 1210 1014 coaoeatas

192 1046 284 1104 trabit
313 1046 346 1103 ia
376 1044 486 1103 medios
517 1045 689 1118 turbamque
718 1048 869 1104 caecatam
901 1048 926 1103 ct
953 1045 1098 1104 damatam
1125 1046 1210 1117 capit,

192 1133 271 1192 aadc
298 1135 392 1192 orante
419 1134 503 1207 tanao
528 1134 631 1192 ordine
647 1136 743 1207 possit
765 1133 903 1193 adversos
925 1134 1016 1208 lepore
1039 1139 1065 1193 et
1086 1136 1262 1193 ocean-ras

192 1228 255 1282 tam
278 1223 372 1281 dicere
394 1223 506 1281 callas-
534 1241 600 1281 oum
623 1222 696 1281 haec
719 1223 863 1282 Anchises
887 1222 1023 1297 dixisset,
1046 1225 1153 1281 natum
1176 1241 1212 1282 ac

152 1333 179 1372 ro
194 1311 342 1388 Sibyllam
360 1313 398 1370 ad
421 1312 619 1387 plurimorum
637 1315 816 1370 conventum
835 1312 920 1371 duxit
938 1315 1038 1387 atque,
1057 1314 1092 1370 ut
1109 1314 1211 1387 posset

192 1401 393 1460 nescientibus
422 1402 555 1478 singulos
584 1400 787 1460 demonstrare
816 1404 846 1459 et
872 1402 994 1459 nomina
1024 1401 1210 1478 singulormn

193 1490 299 1563 dicere,
314 1490 464 1548 tumulum
482 1492 575 1565 oepit,
594 1491 728 1566 oportuit
747 1491 826 1548 enim
845 1509 922 1563 eum,
936 1493 970 1548 ut
988 1490 1210 1550 instructiorem

192 1580 289 1638 filium
316 1578 466 1654 redderet,
493 1582 614 1638 cunctos
643 1598 678 1637 ex
706 1578 809 1638 ordine
836 1598 1001 1637 numerare.
1046 1597 1126 1639 aaae
1148 1597 1209 1652 aaa,

192 1669 384 1727 Dardaniam
405 1670 521 1742 prolem
547 1685 622 1741 qaae
649 1670 754 1727 aeaeae
779 1672 918 1741 aequatae
938 1667 1047 1744 gloria,
1075 1671 1126 1741 aad
1147 1687 1210 1727 ma·

149 1762 283 1818 seaeant
303 1758 385 1817 Itala
408 1759 444 1815 cte
464 1762 547 1831 pcata
569 1762 692 1831 aepotcs,
716 1757 851 1816 iabatrc's
879 1759 996 1816 calmae
1023 1762 1211 1831 aoebamqae

191 1850 225 1905 ia
256 1863 361 1905 caraea
394 1849 487 1905 iteras
519 1847 671 1919 expediam
703 1845 788 1905 dictis
816 1850 842 1905 ct
868 1849 894 1905 te
921 1851 973 1905 taa
1000 1847 1065 1918 fata
1093 1847 1210 1906 docebo:

192 1935 350 2011 proposuit
372 1954 448 2010 quae
472 1935 513 1994 sit
535 1936 677 1994 dicturus.
715 1955 802 2013 nunc,
820 1937 929 2011 inquit,
948 1935 1035 1994 dictis
1055 1935 1210 2011 expediam

191 2026 241 2083 vel
269 2025 321 2099 qui
348 2024 474 2083 admixti
503 2045 537 2082 ex
560 2024 639 2083 Italo
667 2026 812 2103 sanguine
839 2027 961 2101 nepotes
987 2027 1033 2084 tui
1056 2028 1210 2102 regnaturi

192 2116 254 2173 sint
285 2114 333 2171 vel
367 2113 614 2189 quemadmodum
645 2132 695 2173 eos
722 2114 844 2173 virtutis
872 2114 968 2191 gloria
996 2117 1133 2173 secutura
1161 2116 1208 2172 sit.

150 2224 178 2263 so
193 2202 292 2261 dicam
315 2204 407 2262 etiam
429 2204 494 2261 fate
516 2207 579 2277 tua,
602 2206 646 2276 ut,
671 2202 752 2278 quod
774 2203 853 2261 nulli
875 2206 944 2261 ante
967 2205 997 2261 te
1021 2204 1157 2280 contigit,
1175 2205 1209 2261 tu

192 2292 288 2350 multo
312 2294 381 2351 ante
406 2284 565 2351 condiscas.
611 2292 765 2365 hocloco,
789 2296 936 2367 quantum
964 2292 1002 2351 ad
1025 2292 1153 2369 Vergilii
1179 2296 1210 2351 et

193 2380 328 2439 Caesaris
356 2384 492 2456 tempora
519 2381 663 2456 pertinet,
692 2401 751 2440 non
779 2382 882 2440 futura
905 2381 956 2441 sed
978 2384 1132 2441 transacta
1154 2401 1208 2439 nu·

192 2473 346 2529 merantur
373 2473 404 2528 et
431 2470 582 2529 subtiliter
609 2470 778 2529 ostenditur
805 2489 881 2545 quae
910 2471 1108 2528 Troianorum
1141 2490 1209 2545 pro·

193 2559 294 2637 genios
317 2579 352 2617 ex
375 2559 440 2634 ipso
464 2559 566 2618 Aenea
589 2563 619 2617 et
641 2558 721 2617 Italo
744 2561 890 2636 sanguine
912 2559 1051 2618 videatur
1076 2561 1209 2619 extitisse

152 2669 178 2709 ss
193 2652 223 2707 et
240 2666 334 2723 usque
353 2648 392 2705 ad
412 2646 568 2707 Gaesarem
591 2650 761 2708 cucurrisse.
805 2649 854 2707 hie
877 2648 1047 2724 specialiter
1070 2648 1210 2707 dicuntur

193 2756 267 2812 quos
291 2738 472 2814 generaliter
489 2736 522 2794 in
539 2738 636 2812 primo
655 2738 732 2796 libro
751 2739 854 2815 tetigit
871 2737 1008 2814 Iuppiter
1025 2756 1086 2795 non
1107 2756 1209 2797 eorum

192 2844 348 2903 personas,
380 2826 431 2885 sed
462 2830 598 2902 tempora
625 2827 769 2905 regnandi
798 2826 975 2904 significans.
1021 2827 1083 2896 aze,
1109 2828 1262 2897 alcaico

187 2933 271 2989 para
297 2917 412 2974 iacente
439 2917 490 2987 qai
515 2917 619 2974 aititur
645 2918 731 2975 basta
754 2918 893 2989 proxima
924 2919 999 2974 sorte
1030 2919 1104 2974 tecet
1135 2916 1209 2975 lacis

193 3005 264 3072 loca,
283 3005 402 3077 primas
425 3006 465 3063 ad
489 3022 582 3064 caras
604 3007 748 3064 aetherias
770 3006 849 3064 Italo
872 3007 1041 3064 commictae
1065 3007 1209 3079 eaapaiae

155 3114 180 3153 ao
193 3098 292 3167 carpet
312 3092 431 3161 satas,
455 3091 607 3153 Albanam
628 3111 741 3164 aomea,
765 3099 817 3153 taa
834 3099 973 3168 postuma
993 3096 1102 3168 proles,
1125 3113 1209 3167 qaam

193 3184 246 3242 aaa
273 3183 411 3256 loaaccao
438 3199 536 3241 seram
562 3182 696 3243 Lavinia
723 3185 849 3243 maiaaa
876 3186 974 3244 adara
1000 3184 1083 3241 silvie
1105 3188 1261 3257 regerat&

193 3290 350 3346 regamque
371 3276 538 3344 porratam,
566 3273 644 3331 aede
669 3291 762 3346 peaes
785 3274 892 3347 Longa
918 3277 1049 3331 nostram
1077 3272 1209 3331 domina·

265 3448 437 3509 dabamque
454 3440 487 3494 V.
597 3447 613 3494 8
633 3444 722 3511 possit
739 3443 776 3495 V:
805 3442 835 3496 in
857 3442 1089 3512 interpretatione
1109 3449 1208 3511 posset,

193 3514 261 3581 quia
284 3514 395 3581 tempus
418 3513 496 3566 verbi
523 3513 647 3583 regentis
674 3516 816 3567 mutatum
845 3517 894 3568 est.
1005 3519 1020 3567 9
1044 3515 1132 3569 dicere
1157 3530 1207 3583 pro

193 3585 294 3639 discere
313 3583 407 3637 libror.
422 3583 528 3655 Vergil.
547 3584 573 3638 V
592 3585 769 3640 adsentiente
787 3585 1027 3655 interpretatione.
1115 3591 1149 3639 24
1167 3587 1207 3639 oi·

171 3658 293 3711 ‘deatwr
310 3655 336 3708 V
355 3656 495 3711 iudicatio
513 3656 556 3710 ed.
638 3662 670 3710 28
691 3664 767 3711 astra
785 3674 835 3726 pro
854 3659 934 3712 basta
952 3657 985 3711 V.
1068 3661 1101 3710 29
1120 3658 1207 3711 aetbe-

192 3730 253 3782 rias
271 3728 303 3781 V.
377 3732 409 3781 31
430 3728 519 3781 edocet
536 3727 569 3780 V.
