2734 4159
157 313 224 378 526
440 311 580 368 DONATI
596 310 766 367 INTERPR.
786 310 895 394 valta

158 482 267 559 pelago
290 484 344 541 aut
367 480 515 557 quomodo
538 482 650 544 multos
673 480 805 557 decipiat
826 481 887 541 ista
904 480 1113 557 tranquillitas
1130 482 1174 540 vel

158 571 309 646 deceperit
340 589 428 646 saepe
461 572 492 629 et
523 570 678 629 arbitraris
711 588 758 629 me
792 569 914 629 incertis
950 571 1174 630 commissurum

157 660 294 735 Aenean,
325 679 380 737 pro
413 661 497 719 ouius
530 659 627 719 salute
661 661 779 718 tantam
815 657 1049 717 sollicitudinem
1087 656 1174 737 gero?

157 766 224 808 eece
246 748 366 807 Aeneae
388 750 542 807 meritum:
573 747 760 825 navigabant
782 747 874 825 tanti,
897 747 1063 825 navigabat
1086 749 1175 808 etiarn

156 840 222 914 ipse
248 836 409 897 Palinurus
436 840 479 914 et,
512 856 579 896 cum
610 836 726 897 incerta
757 837 918 911 metueret,
949 855 1003 895 neo
1034 835 1094 896 sibi
1123 855 1205 897 neca

157 928 277 1001 ceteris,
305 926 356 986 sed
384 926 441 985 soli
462 926 582 985 Aeneae
605 925 791 1003 providebat.
837 944 905 985 cum
927 926 1023 1003 igitur
1044 944 1187 1003 pronun·¹

155 1017 281 1091 tiarnus,
312 1014 429 1092 pondus
456 1015 544 1075 debet
570 1015 679 1074 habere
710 1034 757 1073 me
789 1033 968 1090 pronomen,
1000 1015 1077 1073 item
1107 1014 1174 1074 huie

155 1108 303 1181 monstro,
330 1103 410 1180 quod
441 1104 554 1180 decipit
584 1105 696 1163 multos
727 1103 819 1163 infido
846 1103 967 1182 ingenio
996 1106 1027 1162 et
1053 1106 1173 1181 repente

155 1193 269 1254 mobili.
310 1193 385 1252 bene
408 1195 510 1269 posuit
532 1196 676 1267 monstro,
700 1192 770 1268 quia
793 1192 937 1269 quiequid
959 1191 992 1250 in
1015 1192 1110 1252 aliam
1130 1193 1173 1254 fa·

98 1290 101 1297 '
156 1283 232 1343 ciem
264 1284 400 1341 mutatur
431 1285 598 1345 monstrum
629 1286 684 1341 est.
734 1301 782 1340 me
815 1284 928 1356 autem,
960 1280 1017 1341 hoc
1050 1284 1096 1340 est
1126 1284 1203 1341 cuin

156 1371 329 1433 commissus
352 1373 398 1430 est
420 1370 628 1431 universarum
650 1371 775 1430 navium
798 1389 917 1446 cursus,
939 1389 1000 1445 me,
1024 1370 1077 1447 qui
1100 1388 1173 1431 sem·

155 1480 209 1537 per
236 1462 269 1519 in
295 1461 342 1519 his
370 1460 499 1538 diligens
527 1462 585 1535 fui,
612 1479 673 1535 me,
702 1460 751 1518 eui
779 1478 841 1520 esse
870 1458 958 1518 debet
989 1478 1045 1536 pro
1078 1459 1172 1520 salute

154 1549 274 1609 Aeneae
301 1549 431 1627 pervigil
457 1568 542 1624 cura,
569 1568 630 1624 me,
658 1551 711 1624 qui
733 1567 821 1625 saepe
845 1547 1093 1624 conprobaverim
1115 1567 1172 1608 non

154 1638 323 1698 habendam
340 1638 433 1698 etiam
455 1638 627 1713 tranquillis
650 1637 790 1697 fluctibus
812 1637 909 1711 fidem,
932 1657 990 1711 me,
1013 1637 1171 1698 amabilem

153 1730 220 1805 regi
238 1731 268 1786 et
285 1726 462 1787 fidissimum
480 1729 560 1806 regis
577 1728 672 1804 ipsius
692 1729 864 1786 amatorem.
901 1724 1024 1788 Aenean
1045 1726 1170 1803 credam,
1182 1744 1203 1790 u

153 1817 186 1874 id
209 1819 254 1876 est
277 1835 360 1893 spem
383 1817 535 1877 Romanae
558 1816 754 1892 reipublicae,
782 1817 904 1890 fortem,
926 1816 1024 1892 pium,
1052 1815 1171 1895 religio·

155 1924 229 1980 sum
247 1905 393 1966 invictum
411 1908 445 1965 in
462 1905 551 1981 bello,
566 1908 599 1965 in
617 1923 691 1983 pace
709 1907 914 1981 praestantem
931 1906 1033 1980 patiar
1051 1904 1171 1966 incertis

154 1994 362 2055 circumveniri
394 1994 548 2054 turbinum
576 1998 606 2054 et
632 1995 832 2071 procellarum
860 1993 959 2053 subire
992 1992 1171 2054 discrimen?

154 2103 220 2144 ecce
248 2083 365 2144 addidit
392 2084 574 2161 experiundo
602 2102 633 2143 se
656 2083 795 2143 didicisse
824 2082 905 2158 quod
933 2081 1071 2159 cavebat,
1101 2082 1172 2159 quid

154 2175 242 2247 enim,
261 2173 313 2248 ait
331 2173 469 2234 fallacius
489 2175 599 2232 austris
623 2175 653 2231 et
677 2170 781 2232 caelo?
818 2174 906 2249 quasi
928 2170 1067 2231 fallacius
1092 2172 1203 2248 quie-a

154 2280 246 2336 quam
273 2263 398 2339 reperiri
424 2264 521 2340 possit
544 2262 653 2321 austris
677 2264 708 2320 et
731 2262 823 2336 caelo,
847 2261 988 2338 quoniam
1010 2261 1170 2337 insperatis

153 2350 285 2409 motibus
317 2355 347 2410 et
379 2352 494 2411 caelum
526 2354 662 2410 mutatur
693 2353 726 2409 in
757 2350 862 2409 nubila
894 2352 925 2409 et
960 2350 993 2407 in
1024 2350 1169 2426 procellas

153 2440 237 2498 venti
250 2457 338 2514 saepe
352 2444 509 2500 vertuntur
522 2441 690 2517 interrupto
705 2439 833 2499 silentio.
867 2457 932 2498 ecce
950 2442 1071 2515 praeter
1089 2458 1169 2499 mare

152 2528 344 2588 metuendum
366 2528 484 2589 dicebat
506 2532 537 2589 et
560 2530 681 2589 caelum.
729 2530 801 2588 tolie
825 2528 903 2587 dicta
925 2528 1016 2589 dabat
1044 2530 1169 2588 clavam

153 2634 207 2689 quc
230 2618 348 2690 adfixas
371 2622 398 2677 et
418 2620 541 2678 haereas
563 2637 711 2692 racsqaam
734 2618 895 2677 amittebat:
919 2617 961 2675 sic
981 2617 1168 2693 loquebatur,
1181 2634 1201 2677 a

153 2708 188 2764 ut
216 2706 301 2765 olavo
327 2706 359 2764 id
387 2710 433 2767 est
459 2707 659 2786 gubernaculo
688 2708 840 2767 videretur
868 2705 981 2765 adfixus
1010 2709 1064 2764 aut
1087 2710 1168 2767 tena-

153 2794 216 2854 cius
242 2796 413 2856 inhaesisse.
459 2815 606 2872 nusquam
634 2796 793 2857 amittebat
821 2796 971 2868 oculosque
1002 2796 1056 2854 sab
1088 2800 1168 2855 astra

152 2885 278 2942 tenebat:
309 2905 363 2944 nec
387 2886 545 2945 amittebat
568 2888 629 2944 suis
657 2885 795 2945 manibus
823 2885 941 2943 olavum
967 2883 1051 2943 cuius
1080 2903 1169 2945 causa

151 2973 299 3051 vigilabat
321 2993 375 3032 nec
399 2975 499 3035 oculos
522 2974 662 3032 flectebat
686 2992 704 3031 a
727 2973 822 3032 stellis
846 2992 972 3049 quarum
996 2991 1099 3033 cursus
1118 2974 1167 3034 ob·

224 3203 301 3250 1-r
320 3198 362 3251 cel
377 3197 510 3266 deciperet
527 3196 580 3249 LR
598 3214 621 3251 c.
636 3197 769 3266 deceperit
786 3214 801 3249 r
819 3214 888 3264 qaae
906 3213 947 3249 me
965 3196 1070 3266 decepit
1087 3197 1130 3251 ed.

152 3273 168 3320 3
186 3268 302 3322 calaum
319 3268 372 3322 LR
394 3287 421 3323 m
440 3268 494 3322 del.
509 3286 531 3322 r.
630 3274 648 3322 4
666 3268 838 3338 aavipabaat
855 3268 937 3322 etiam
956 3267 1009 3321 LR
1028 3268 1088 3323 -bat
1105 3285 1126 3323 e.
1145 3286 1166 3322 r.

153 3344 185 3393 11
205 3341 376 3395 cartemianum
395 3340 438 3393 od.
455 3343 459 3408 Ι
475 3356 623 3394 oorwursua
637 3340 680 3393 ed.
738 3345 770 3392 19
784 3339 896 3393 cavebat
909 3338 930 3391 L
945 3340 1025 3392 -baat
1038 3338 1064 3392 R
1077 3339 1166 3392 r=L

150 3415 256 3465 caveret
273 3410 316 3464 ed.
388 3415 422 3463 20
439 3412 591 3478 fallacibus
608 3414 688 3465 auris
705 3410 766 3477 LR,
785 3409 835 3463 sed
853 3410 883 3462 in
901 3410 1016 3478 interpr.
1035 3411 1167 3477 fallacias

151 3483 263 3547 amaa,
278 3497 364 3549 quare
382 3482 437 3535 hoc
455 3485 530 3536 reete
549 3482 656 3551 recepit
675 3481 718 3536 ed.
775 3487 807 3534 21
825 3482 913 3549 possit
925 3481 978 3534 LR
996 3498 1053 3536 aea
1068 3500 1097 3551 p.
1113 3482 1166 3548 ed,

152 3553 201 3607 sed
220 3556 302 3623 quasi
318 3552 424 3607 ironice
443 3553 551 3608 dictum
569 3556 620 3608 eat.
676 3558 710 3606 25
730 3553 852 3621 loquitur
865 3551 907 3606 ed.
918 3554 990 3621 post.
1047 3559 1081 3606 27
1100 3570 1165 3607 aas·

151 3625 393 3750 qseumRamittebat
411 3627 476 3679 ante
495 3624 598 3679 lemma
616 3624 772 3694 repet.th
791 3640 843 3676 om.
860 3623 902 3677 ed.
985 3629 1018 3677 28
1038 3625 1166 3679 manibus

148 3713 209 3752 aare
253 3740 261 3754 .
