2734 4159
578 344 762 399 AENEIDOS
781 343 807 398 V
1142 343 1207 407 447

190 511 343 588 spatioque
360 515 438 573 subit
455 514 604 588 Serqestus
622 516 732 586 iniquo,
751 512 856 587 inseiis
877 514 959 572 sanis
981 515 1014 571 ln
1032 530 1208 586 precurren-

191 605 267 662 tibus
291 606 398 662 laesit:
420 603 491 661 dum
509 604 589 662 inter
607 622 711 662 saxum
730 605 761 661 et
779 621 887 661 navem
906 600 1061 680 Sergestus
1080 602 1208 661 transire

192 693 356 765 contendit,
388 712 447 751 non
480 692 557 751 vidit
589 711 660 751 saxa
692 693 900 769 procurrentia
933 694 962 749 et
994 691 1040 749 his
1070 690 1208 749 inhaesit.

190 782 397 857 procurrentia
429 800 501 840 saxa
534 783 604 839 sunt
636 800 714 857 quae
748 781 877 839 latenter
909 798 927 837 a
958 779 1110 839 radicibus
1138 781 1209 839 emi-

164 873 289 930 snentis
317 872 382 930 saxi
409 871 439 927 in
468 889 550 929 mare
577 869 749 929 tenduntur.
794 870 868 929 haec
895 870 947 928 ille
975 871 1080 944 utpote
1107 869 1208 928 furens

191 961 291 1018 videre
318 978 378 1019 non
405 961 506 1035 potuit
534 962 576 1034 et,
603 962 638 1017 ut
666 958 780 1017 dictum
807 961 864 1033 est,
893 959 997 1018 haesit.
1044 964 1261 1017 conmssneade

191 1054 301 1108 cautu:
333 1052 436 1108 tantus
464 1050 550 1107 navis
578 1049 708 1124 impetus
735 1048 865 1108 incautis
889 1048 1051 1125 remigibus
1074 1047 1147 1121 fnit,
1174 1049 1209 1106 ut

191 1157 345 1213 percussae
375 1141 476 1197 cautes
504 1139 736 1197 intremuissent.
783 1142 809 1197 et
831 1141 915 1197 emto
937 1140 971 1197 in
998 1140 1109 1196 murice
1135 1140 1209 1197 renti

191 1229 290 1285 ebniei
316 1246 465 1300 crepuere:
498 1245 565 1285 cum
592 1226 695 1286 obnixi
720 1228 810 1287 remis
838 1226 1021 1286 luctantibus
1044 1225 1209 1300 tenderent,

152 1337 177 1376 ro
192 1317 313 1391 inpulsa
340 1319 412 1374 navi
438 1316 606 1391 meritoque
633 1335 693 1374 non
722 1314 894 1374 cedentibus
922 1317 1002 1374 saxis
1030 1318 1210 1391 crepuerunt
1234 1383 1239 1393 ,

190 1406 274 1463 remi.
319 1407 465 1478 inlisaque
495 1422 592 1478 prore
622 1406 775 1478 pependit:
811 1424 913 1479 prora,
945 1406 1002 1464 hoc
1034 1407 1080 1464 est
1110 1405 1209 1481 prima

190 1512 259 1570 pars
283 1496 378 1568 navis,
402 1514 506 1553 saxum
530 1494 701 1553 conscendit
724 1496 822 1553 cetera
844 1499 930 1569 parte
954 1512 1106 1569 suspensa.
1144 1511 1209 1552 ron·

189 1589 316 1656 surqunt
333 1589 443 1642 nnutne
467 1588 492 1641 et
514 1600 620 1659 rnwne
639 1583 765 1643 claruere
782 1587 951 1642 rnorcnlur:
974 1583 1044 1641 dum
1068 1583 1208 1657 clamant,

190 1675 324 1731 fecerunt
338 1692 437 1732 moras
455 1672 526 1730 navi
544 1671 725 1732 liberandae.
757 1673 941 1745 ferratusque
960 1673 1059 1731 trudes
1077 1676 1104 1731 et
1121 1676 1208 1731 centu

148 1784 175 1823 ra
190 1764 309 1834 cuspide
332 1766 427 1820 conns
447 1763 603 1833 erpediunt
619 1764 785 1836 fractosque
803 1762 901 1835 lequnt
918 1763 950 1819 in
966 1763 1079 1835 qurqile
1097 1778 1208 1819 rennos:

189 1871 249 1909 non
267 1851 347 1908 idem
366 1852 467 1909 omnia
485 1851 650 1910 faciebant:
673 1869 803 1926 namque
822 1851 875 1909 alii
895 1848 1091 1925 expediebant
1104 1852 1207 1910 contos

189 1940 361 1998 liberationi
389 1941 474 1998 navis
502 1941 683 1999 necessarios
708 1944 737 1998 et
759 1939 861 1998 trudes
885 1940 940 1998 hoo
964 1942 1009 1998 est
1032 1939 1139 2015 quibus
1162 1938 1207 1997 in-

189 2030 313 2087 haerens
342 2048 412 2087 saxo
442 2028 559 2087 excludi
581 2029 737 2105 navigium
760 2031 790 2087 et
812 2032 975 2088 retrorsum
998 2030 1132 2087 revocari
1154 2046 1207 2103 po-

189 2121 309 2191 tuisset,
338 2119 391 2176 alii
415 2118 554 2196 legebant
576 2137 726 2177 remorum
749 2118 927 2195 fragmenta.
972 2117 1063 2176 verbo
1086 2117 1206 2175 nautico

148 2229 176 2268 eo
190 2211 224 2264 ut
247 2209 385 2281 plurimis
409 2208 482 2266 locis
501 2225 571 2266 usus
591 2210 649 2265 est:
673 2226 744 2265 nam
762 2206 860 2284 legere
879 2207 982 2264 dicunt
1001 2206 1141 2282 colligere
1160 2207 1207 2265 vel

190 2297 293 2370 aliqua
320 2297 387 2354 loca
415 2296 586 2373 navigando
609 2297 746 2370 transire,
768 2300 803 2354 ut
827 2288 872 2377 (3,
892 2288 970 2377 532)
995 2296 1080 2370 „vela
1103 2295 1208 2371 legimt

190 2383 290 2458 sooii“,
308 2387 382 2443 item
401 2377 446 2466 (3,
462 2378 541 2465 292)
560 2386 728 2460 „litoraque
746 2385 834 2460 Epiri
853 2382 1007 2462 legimus“.
1052 2389 1083 2443 ut
1105 2385 1260 2443 laetus‘ero

189 2476 360 2531 Mnestheus
386 2491 574 2548 successuque
602 2477 699 2534 acrior
725 2476 803 2547 ipsc:
835 2474 931 2533 laetus
954 2472 1012 2531 fuit
1035 2472 1206 2532 Mnestheus

191 2561 270 2637 quod
298 2565 402 2638 optata
427 2565 574 2622 tenuisset
600 2567 630 2622 et
657 2563 727 2622 inde
755 2565 866 2640 magis,
894 2564 966 2639 quia
993 2564 1127 2621 senserat
1149 2562 1206 2621 sibi

147 2653 300 2714 natavisse
324 2653 484 2711 fortunam.
517 2671 667 2712 successus
692 2655 792 2711 autem
815 2654 879 2727 ipse
902 2670 963 2710 non
985 2653 1125 2711 veniebat
1147 2651 1207 2710 nisi

190 2761 224 2799 ex
248 2742 334 2799 melis
359 2742 474 2800 alienis.
513 2745 629 2817 eprntne
650 2758 798 2800 rernerunr
821 2742 905 2801 celeri
928 2744 1075 2814 ventisque
1097 2744 1206 2801 uocatis

183 2849 283 2903 prona
301 2834 376 2903 pet't
397 2832 495 2889 αααα
519 2835 545 2890 et
561 2832 667 2904 pelope
691 2830 820 2889 decurrit
842 2834 956 2904 aperto:
982 2848 1078 2906 prona
1100 2831 1205 2904 maria,

188 2921 296 2993 inquit,
321 2922 407 2993 quasi
430 2939 489 2978 non
512 2922 580 2995 ipsa
603 2922 701 2978 essent
723 2938 777 2995 per
800 2939 878 2996 quae
902 2922 931 2978 et
952 2919 1135 2979 transierant
1153 2923 1206 2977 aut

188 3009 283 3083 possit
310 3008 375 3066 fieri
402 3013 436 3067 ut
464 3010 525 3068 sint
551 3011 647 3067 maria
675 3008 794 3068 devexa.
840 3028 901 3068 non
927 3010 984 3068 hoc
1016 3003 1121 3083 sensit,
1154 3007 1206 3067 sed

145 3121 174 3160 ao
188 3098 367 3156 facilitatem
391 3098 503 3156 reditus
526 3097 622 3156 voluit
641 3098 852 3157 demonstrare.
889 3117 1017 3173 pronum
1036 3099 1116 3156 enim
1135 3098 1205 3156 dioi-

187 3205 254 3243 mus
278 3187 420 3261 quicquid
444 3187 653 3245 difficultatem
675 3206 735 3245 non
758 3187 850 3246 habet
868 3189 898 3245 et
917 3186 1044 3244 arduum
1063 3186 1206 3262 quicquid

188 3276 308 3333 difficile
323 3278 489 3351 superatur.
522 3277 619 3348 qualis
636 3277 776 3349 spelunea
794 3277 887 3335 subito
906 3280 1047 3335 commotu
1064 3276 1206 3344 colurnbe,

187 3367 235 3422 cut
263 3366 365 3423 denus
394 3370 419 3423 et
447 3366 544 3423 dulces
571 3365 712 3424 latebroso
738 3367 771 3423 in
794 3367 910 3438 pumice
936 3365 1014 3433 nidi,
1042 3367 1137 3439 fertur
1163 3366 1197 3424 in
1207 3370 1258 3418 215

261 3523 276 3570 8
295 3519 499 3571 intremuissem
517 3516 570 3570 Le
588 3517 797 3571 intervenissent
815 3515 840 3569 U
859 3516 902 3570 ed.
990 3522 1024 3569 14
1042 3516 1136 3571 trudes
1154 3515 1206 3569 LR

186 3591 267 3643 sudes
286 3588 310 3641 U
330 3589 373 3641 ed.
393 3589 472 3653 (item
490 3587 583 3657 infra).
645 3595 677 3641 18
697 3589 805 3642 includi
823 3587 875 3640 LR
894 3588 937 3641 ed.
957 3589 1067 3642 excludi
1084 3605 1135 3642 nos
1155 3587 1205 3653 (sic

186 3663 219 3714 in
241 3677 291 3728 pro
315 3678 349 3714 en
369 3665 419 3714 179
443 3664 472 3714 et
495 3661 604 3714 excludi
626 3677 677 3728 pro
697 3661 817 3715 amoveri
835 3661 873 3729 ‘lt
986 3664 1027 3711 ‘ab
1046 3675 1108 3723 qua
1125 3655 1231 3706 eth&

186 3749 257 3801 quae
276 3732 335 3784 sine
354 3738 379 3786 et
397 3731 438 3786 ed.
513 3737 548 3786 30
566 3733 694 3789 redditus
711 3732 778 3788 bit.
854 3738 893 3787 Ὠ
914 3731 1074 3799 diffundier
1094 3723 1149 3773 ab·
