2734 4159
201 340 243 403 78
470 337 620 393 'DONATI
638 336 807 391 INTERPR.
826 335 935 391 VERG.

200 510 308 567 chaeus
336 508 447 585 fugam.
493 508 649 584 proposita
675 506 854 566 necessitate
875 505 1011 583 fugiendi
1034 505 1153 564 addidit
1174 506 1220 566 fa-

200 596 346 656 cilitatem
376 596 500 656 dicendo
528 596 729 669 accitumque
754 598 821 654 eice
842 600 951 654 betereo
972 596 1074 655 tellmc
1095 594 1222 654 recbtdit

200 688 383 754 thensauros,
412 689 542 759 bootem
572 688 687 760 arpenti
708 685 829 759 paredus
857 689 885 743 et
910 686 988 743 acri.
1034 684 1115 759 quod
1142 683 1221 743 dixit

199 777 314 834 veteres
341 776 518 836 thensauros
548 773 580 834 et
610 777 750 853 ignotum
781 775 900 851 argenti
930 773 1047 850 pondus
1080 775 1111 833 et
1143 775 1220 848 ami,

200 864 353 924 ostendere
376 865 476 923 voluit
498 864 674 923 sufficientis
698 863 737 922 ad
760 862 927 922 subsidium
949 863 1048 940 fugae,
1067 863 1120 938 qui
1137 864 1220 921 tanti
1245 881 1256 922 s

199 954 328 1028 fuerunt,
350 956 385 1012 ut
408 973 510 1013 eorum
532 954 649 1030 pondus
667 953 874 1030 ignoraverint
892 953 1015 1010 extrarii
1033 954 1064 1010 et
1082 950 1219 1026 Sychaeo

200 1045 230 1101 et
252 1045 312 1118 ipsi
334 1045 421 1101 uxori
444 1043 557 1102 fuerint
578 1043 734 1120 incogniti.
780 1040 955 1100 consulendi
977 1059 1049 1118 ergo
1072 1041 1104 1098 in
1131 1059 1220 1115 prae

200 1134 279 1190 senti
300 1131 436 1210 fugiendi
458 1132 635 1191 mandatnm
657 1130 718 1189 fuit
740 1132 772 1189 et
792 1129 993 1206 prospiciendi
1020 1131 1054 1187 in
1080 1131 1220 1189 futumm

146 1227 198 1275 360
207 1222 436 1281 thensaurorum
463 1223 623 1297 praecepta
650 1220 820 1279 translatio.
864 1221 911 1278 bie
942 1223 1082 1277 commota
1112 1219 1220 1293 fugam

198 1311 279 1369 Dido
295 1313 441 1383 sociosque
454 1312 601 1384 parabat:
618 1309 773 1385 publicato
787 1309 897 1368 scelere
911 1310 1003 1383 atque
1017 1310 1081 1367 eius
1096 1309 1220 1368 auctore
1233 1328 1257 1370 ro

198 1420 252 1475 per
279 1399 427 1458 Didonem
459 1399 578 1476 prodito
611 1400 686 1457 socii
717 1399 806 1476 fugae
839 1399 1000 1472 coeperunt
1031 1399 1220 1474 congregari.

199 1508 258 1547 non
286 1490 351 1547 erat
379 1488 458 1547 enim
485 1488 643 1547 consilium
667 1490 769 1563 petere
792 1487 948 1546 mulierem
970 1486 1034 1545 sine
1057 1486 1220 1547 comitibus

198 1576 311 1654 fugam,
334 1577 383 1635 vel
405 1578 534 1636 maxime
557 1596 633 1652 quae
656 1576 793 1653 fugitura
816 1595 884 1635 cum
905 1576 1076 1634 thensauris
1104 1576 1220 1652 fuerat,

198 1665 387 1725 metuebatur
410 1667 489 1725 enim
503 1666 696 1743 Pygmalion,
719 1686 756 1724 ne
779 1667 891 1724 amissa
913 1683 966 1740 spe
988 1665 1220 1725 thensaurorum

199 1758 371 1830 sequeretur
394 1756 479 1814 etin
502 1757 669 1832 peregrinis
692 1755 806 1814 faceret
828 1754 909 1830 quod
930 1756 963 1812 in
987 1753 1106 1813 sedibus
1126 1756 1224 1816 occisi.
1233 1774 1257 1816 1⁵

198 1844 336 1919 conplere
353 1863 413 1902 non
431 1846 540 1920 potuit.
582 1846 756 1903 conveniunt
777 1844 882 1917 quidus
905 1848 958 1902 cut
980 1844 1080 1902 odium
1102 1844 1220 1903 medela

198 1936 319 2007 tyranni
346 1939 399 1992 act
424 1938 517 1991 metuo
544 1951 612 1992 acer
639 1938 715 1992 eret·
747 1933 806 1991 dno
835 1951 944 2010 genera
971 1933 1126 1991 hominum
1149 1952 1219 2008 pro·

198 2024 300 2098 posuit
327 2023 478 2101 fugiturae
501 2022 614 2082 Didoni
642 2041 704 2081 esse
733 2024 859 2097 sociata,
884 2042 978 2079 unum
1001 2021 1082 2097 quod
1103 2021 1220 2082 odisset

198 2112 434 2188 Pygmalionem,
458 2114 587 2170 alterum
609 2112 690 2187 quod
711 2114 845 2170 timeret:
877 2111 980 2169 odium
1002 2110 1143 2169 debemus
1169 2129 1219 2171 aa·

199 2202 296 2276 cipere
320 2219 421 2260 eorum
444 2202 537 2260 fuisse
560 2202 613 2276 qui
634 2202 787 2259 nonnullis
810 2200 924 2259 viribus
948 2202 976 2258 ei
998 2200 1136 2259 resistere
1164 2219 1219 2275 po·
1232 2221 1257 2262 so

197 2291 337 2363 tuissent,
359 2295 472 2349 metum
495 2309 566 2349 vero
590 2308 693 2349 eorum
716 2291 768 2366 qui
790 2288 823 2346 in
844 2289 985 2347 inferiore
1009 2290 1074 2347 loeo
1098 2290 1128 2347 et
1156 2290 1219 2349 for·

197 2382 272 2436 tuna
301 2382 470 2454 constituti,
498 2398 565 2438 cum
592 2379 683 2438 reniti
711 2381 802 2455 aigne
829 2378 979 2437 obluctari
1000 2397 1062 2436 non
1083 2382 1219 2454 possent,

199 2468 316 2527 facilius
349 2487 380 2527 se
411 2470 586 2528 interituros
620 2467 852 2527 arbitrabantur.
904 2469 958 2525 alii
990 2485 1060 2546 ergo
1092 2470 1219 2543 propter

199 2556 301 2615 odium
328 2557 474 2616 iuvabant
500 2557 627 2617 Didonis
654 2558 874 2631 necessitatem,
902 2576 939 2615 ne
962 2556 1143 2635 Pygmalion
1166 2556 1218 2617 ob·

197 2647 307 2704 tineret
330 2647 410 2722 quod
436 2647 558 2705 volebat
585 2650 615 2705 et
641 2648 811 2705 thensauris
840 2647 954 2705 invasis
985 2646 1069 2705 fieret
1098 2646 1218 2723 fortior,
1231 2665 1255 2709 aa

198 2735 252 2794 alii
269 2738 393 2812 propter
410 2738 532 2810 metum,
555 2734 663 2811 quibus
685 2735 866 2794 offerebatur
884 2735 1009 2809 occasio,
1027 2737 1062 2793 ut
1080 2740 1219 2795 cararent

198 2824 327 2884 hominis
350 2826 518 2883 saevissimi
540 2825 751 2884 dominatione.
788 2827 875 2883 noas
897 2843 972 2897 quoe
994 2827 1069 2898 forte
1085 2830 1219 2897 paratae

198 2917 368 2987 corripiunt,
392 2914 448 2973 hoo
472 2919 517 2974 est
539 2932 649 2993 magna
673 2915 881 2989 properatione
904 2915 937 2971 in
955 2933 1048 2971 unum
1067 2913 1219 2991 oolligrmt

197 3005 283 3063 navis
307 3022 384 3079 quae
406 3004 484 3063 forte
506 3006 538 3062 in
562 3004 713 3080 praesenti
736 3004 855 3062 fuerant
881 3007 1019 3078 paratae:
1051 3003 1217 3062 nonenim

197 3094 267 3153 talis
291 3093 453 3169 quaerebat
475 3092 635 3152 necessitas
658 3110 737 3167 quae
760 3092 963 3151 desiderarent
988 3091 1135 3150 fabricam
1163 3095 1256 3155 autu

197 3183 366 3260 indigerent
389 3182 540 3259 aliquibus
564 3181 766 3255 armamentis,
785 3182 836 3240 sed
859 3201 935 3257 quae
958 3183 1057 3241 essent
1078 3184 1216 3255 paratae.

198 3275 225 3332 si
251 3274 330 3330 enim
358 3272 508 3331 videretur
536 3269 651 3347 aliquid
678 3271 784 3330 novari
810 3273 843 3329 in
870 3271 999 3347 navigiis
1028 3272 1082 3329 aut
1110 3271 1217 3330 eadem

197 3362 350 3420 nonnullis
382 3362 506 3434 instrui,
538 3360 667 3419 dabatur
699 3363 805 3436 aperta
837 3361 979 3435 suspicio,
1013 3359 1092 3435 quod
1124 3359 1217 3438 fugae

269 3520 284 3566 3
305 3514 377 3583 quod
385 3518 447 3565 -4
462 3513 528 3567 acri
546 3529 598 3566 om.
610 3511 653 3567 ed.
708 3517 724 3564 o
743 3512 897 3566 subsidium
910 3511 962 3565 LR
981 3513 1120 3566 auxilium
1133 3512 1180 3569 ed

198 3587 359 3640 deatracei
376 3585 419 3639 ed.
455 3587 459 3654 l
493 3583 614 3654 Sychaeo
632 3582 685 3636 LR
703 3583 746 3637 ed.
767 3584 946 3655 Pygmaliona?
963 3583 1072 3653 Hoppa.
1155 3589 1219 3641 aet

198 3661 264 3712 ante
282 3658 410 3728 fugiendi
426 3654 557 3725 interpol.
573 3656 616 3710 ed.
705 3660 736 3708 11
757 3662 901 3724 coepe-ruat
919 3655 971 3707 LR
985 3661 1117 3723 poterant
1134 3656 1179 3715 ed.

197 3735 231 3782 27
251 3729 464 3783 dominationem
482 3727 563 3781 LR..
1152 3777 1154 3780 .
