2734 4159
581 321 764 388 lemnos
782 331 822 386 lII
1147 333 1213 399 305

194 503 348 559 cesserant
373 500 505 559 ludibria
532 501 761 575 demonstraret,
788 519 857 573 cum
885 504 984 559 autem
1011 501 1090 562 dona
1111 503 1212 563 huius·

193 590 278 648 modi
293 588 374 664 apud
387 608 419 648 se
432 591 560 649 victores
575 608 745 649 consecrare
762 591 823 649 sint
837 590 927 665 soliti,
940 590 1059 650 Aeneae
1072 593 1212 652 fortunae

194 681 368 754 provenisse
399 682 435 737 ut
465 678 546 755 apud
576 680 704 738 victores
737 698 820 738 arma
852 680 925 756 ipsis
957 682 1089 739 retracta
1121 684 1211 757 atque

194 770 300 842 erepta
322 768 485 827 victoribus
508 767 626 844 publice
649 768 825 827 conlocaret.
871 770 1001 842 linquere
1023 773 1084 828 tum
1105 774 1211 843 portus

165 857 279 917 siubeo
306 860 334 915 et
359 857 506 916 considere
533 860 684 916 transtris:
716 858 772 916 hoc
799 858 893 931 facto,
921 858 1063 932 quoniam
1084 859 1232 944 ulterius·

194 945 259 1003 illie
277 946 422 1005 remorari
439 948 624 1005 contrarium
642 947 710 1019 fuit,
727 946 825 1021 iubeo,
842 946 952 1022 iuquit,
970 946 1056 1007 sociis
1074 949 1109 1005 ut
1124 951 1210 1008 navis

192 1036 226 1092 iu
242 1034 337 1093 altum
352 1038 554 1109 promoveant.
587 1038 717 1094 certatim
730 1033 801 1094 socii
814 1037 925 1109 feriunt
937 1054 1020 1095 mare
1034 1041 1060 1095 et
1073 1054 1201 1109 aequora
1212 1044 1264 1092 290

192 1126 330 1181 ocrrrmt:
366 1124 574 1200 obsequentes,
602 1126 660 1198 ait,
689 1124 778 1183 iussis
806 1125 879 1183 meis
906 1127 936 1184 et
958 1124 1050 1185 saluti
1072 1127 1210 1201 propriae

193 1212 381 1271 consulentes
404 1212 538 1290 adgressi
560 1215 631 1273 sunt
653 1213 886 1291 navigationem.
931 1213 1086 1292 subiungit
1114 1218 1210 1275 traus-

151 1322 178 1362 1o
191 1304 256 1360 itus
284 1302 331 1360 sui
357 1304 472 1361 textum
502 1302 668 1361 discurrens
700 1322 755 1377 per
785 1303 953 1362 insularum
984 1305 1119 1377 uomina,
1151 1324 1211 1364 non

194 1408 272 1465 quae
296 1393 478 1450 necessariae
500 1392 635 1466 fuissent,
654 1391 706 1451 sed
728 1395 763 1449 ut
785 1392 954 1467 perveniret
976 1392 1014 1451 ad
1035 1412 1101 1452 eam
1119 1412 1211 1468 quam

191 1498 300 1538 revera
320 1482 418 1539 tacere
442 1499 502 1540 non
525 1480 636 1539 debuit.
681 1480 737 1539 hoc
760 1482 825 1539 loco
849 1483 941 1540 etiam
963 1481 1038 1539 illud
1061 1484 1209 1557 reperien-

191 1570 266 1626 dum
299 1570 357 1642 est,
392 1572 512 1644 poetam
546 1589 606 1629 uou
638 1569 839 1629 considerasse
876 1573 1009 1629 omnium
1044 1570 1208 1631 insularum

191 1658 324 1733 nomina,
347 1677 385 1717 ue
406 1659 518 1718 faceret
541 1661 745 1718 narrationem
767 1661 861 1734 ipsius
881 1660 1113 1719 continuationis
1132 1662 1208 1719 vitio

148 1769 176 1808 rs
192 1746 337 1806 odiosam.
368 1747 498 1807 'inmisit
524 1749 604 1806 enim
631 1751 846 1807 commoratum
869 1749 992 1808 Aenean
1015 1749 1094 1823 apud
1116 1749 1208 1825 Apol-

190 1836 286 1893 linem
321 1835 373 1894 diu
409 1836 575 1896 exhibuisse
609 1837 696 1896 ludos
729 1839 760 1895 et
792 1837 918 1896 Abantis
951 1838 1079 1913 clipeum
1110 1837 1208 1898 fixisse

190 1924 329 1999 postibus
356 1926 476 2001 templi,
504 1927 661 2003 navigasse
689 1926 811 1999 iterum,
839 1929 874 1984 ut
900 1929 1107 1987 nominaturus
1133 1928 1207 1986 alias

189 2014 306 2073 insulas
339 2014 490 2089 quandam
520 2016 632 2074 iaceret
663 2015 818 2074 relationis
850 2017 1024 2074 novitatem.
1069 2018 1208 2090 protinus

189 2104 292 2161 auios
319 2103 487 2163 Phaeacum
514 2105 718 2163 abscondimus
745 2122 839 2172 arces,
871 2103 927 2162 hoc
959 2109 1004 2165 est
1033 2107 1207 2165 transimus:

144 2214 175 2253 so
190 2209 258 2250 ecce
286 2193 466 2269 generalitas
494 2192 546 2251 ubi
572 2194 710 2268 specialis
739 2194 830 2253 dictio
858 2211 918 2252 non
945 2194 1005 2252 fuit
1033 2196 1206 2253 necessaria.

189 2280 334 2353 litoraque
370 2281 459 2354 Epiri
500 2282 635 2355 legimus,
675 2282 707 2341 id
744 2286 790 2341 est
824 2282 994 2358 navigando
1035 2285 1206 2342 retinemus.

183 2373 332 2443 portuque
363 2372 494 2429 subimus
524 2370 652 2430 Otuouio
686 2374 712 2429 ct
742 2372 848 2430 celsam
874 2372 1013 2430 Buthroti
1045 2373 1207 2431 accedimus

188 2461 306 2517 urben:
328 2460 402 2517 haec
425 2462 470 2519 est
492 2463 615 2535 propter
638 2479 728 2536 quam
747 2460 912 2534 descriptae
931 2463 1000 2519 suut
1018 2463 1146 2535 cetera03
1170 2461 1206 2521 de

189 2549 250 2607 ista
274 2549 354 2605 enim
375 2548 482 2607 habuit
506 2549 585 2623 quod
607 2549 740 2622 referret,
760 2549 838 2623 quod
861 2550 894 2607 in
917 2549 985 2607 aliis
1007 2569 1068 2609 uon
1091 2549 1205 2611 habuit.

143 2660 173 2699 es
258 2636 319 2695 Hic
340 2639 518 2697 incredibilis
541 2656 640 2696 cecum
662 2639 747 2711 facua
770 2642 890 2711 occupat
912 2641 1005 2707 auris,
1024 2640 1259 2699 Priamideurss

189 2726 338 2785 Helenum
353 2726 465 2785 Graias
482 2744 606 2800 repuare
618 2744 675 2799 per
692 2728 775 2785 urbis
789 2729 921 2799 couiupto
934 2724 1084 2787 Aeacidae
1097 2730 1206 2804 Pyrrhi

189 2817 365 2889 sceptrisque
386 2818 513 2888 potitum
542 2819 568 2874 ct
589 2819 691 2889 patrio
714 2816 939 2874 Audrocuacheu
961 2818 1066 2876 iterum
1088 2820 1206 2877 cessisse

189 2906 312 2963 marito:
348 2904 387 2963 ad
413 2905 504 2979 hune,
536 2906 649 2980 inquit,
680 2906 802 2964 veniens
830 2905 930 2963 locum
957 2905 1097 2981 loquente
1123 2908 1206 2965 fama

189 2994 311 3069 percepi
338 3012 414 3068 quae
437 2994 552 3052 tamdiu
576 3013 636 3052 uon
659 2997 765 3068 putavi
788 3011 850 3053 esse
878 2994 1036 3068 credenda,
1064 2995 1207 3069 quamdiu

141 3106 173 3146 so
188 3083 263 3142 haec
295 3082 383 3141 rebus
415 3083 487 3158 ipsis
520 3087 550 3141 et
581 3085 654 3142 meis
687 3084 781 3150 oculis
814 3083 1048 3158 conprobassem.
1099 3084 1207 3158 incipit

262 3291 451 3342 acousecrari
468 3288 520 3340 LR
543 3304 612 3341 corr.
632 3287 676 3342 ed.
767 3294 782 3339 3
807 3294 857 3342 aut
875 3287 926 3341 LR
945 3287 993 3340 edl
1016 3294 1048 3341 ut
1069 3305 1084 3339 r
1107 3287 1172 3341 edF.
1200 3287 1203 3359 t

187 3366 302 3429 repacta
320 3359 372 3412 LR
393 3366 476 3427 rapta
499 3378 512 3411 r
534 3366 665 3427 reparata
689 3359 733 3413 ed.
756 3365 873 3413 retracta
897 3358 931 3411 cf.
952 3364 981 3424 2,
996 3362 1048 3411 395
1072 3374 1131 3411 uos.

190 3436 224 3484 10
243 3436 398 3485 coutcawiu
416 3431 458 3483 ed.
521 3436 552 3483 11
571 3448 604 3484 ea
623 3448 707 3499 quam
725 3430 777 3483 Lu
796 3446 863 3485 corr.
880 3430 922 3483 ed.
981 3435 1013 3482 12
1032 3430 1206 3498 repetendum

188 3502 234 3555 ed.
253 3501 326 3571 post.
387 3506 420 3554 20
439 3519 496 3556 uou
513 3503 570 3568 fuit
588 3518 642 3555 om.
657 3502 682 3554 R
702 3501 766 3554 add.
785 3519 807 3553 r.
870 3507 903 3555 22
918 3507 1067 3570 portu-sque
1085 3517 1106 3554 s.
1125 3502 1204 3555 chao·

187 3575 255 3627 utus
273 3572 326 3625 LR
340 3574 548 3641 paciscentes
565 3591 579 3626 r
593 3579 729 3641 portuque
747 3590 767 3627 s.
785 3573 906 3627 Ottaouio
925 3573 968 3625 ed.
983 3575 992 3641 lt
1007 3573 1104 3627 botrotc'
1123 3571 1182 3629 LR.
1199 3572 1205 3639 [

186 3646 341 3699 occidimus
355 3643 406 3697 LR
424 3644 615 3698 abscondimus
633 3644 681 3697 edl
700 3645 872 3700 ascendimus
891 3644 961 3699 edll.
1015 3649 1055 3698 ‘lu
1068 3644 1142 3697 utus
1151 3642 1227 3709 lut

185 3722 316 3771 occurrat
328 3715 382 3766 Le
400 3731 466 3768 corr.
486 3732 507 3769 r.
584 3722 617 3772 26
631 3718 733 3789 pitrris
752 3736 805 3792 pro
828 3720 937 3794 Pyrrhi
951 3716 990 3773 li.
1107 3797 1109 3802 1

139 3846 144 3854 ,
227 3810 285 3847 Doa
298 3809 392 3857 mrem.
410 3812 477 3862 Vers-
504 3816 549 3856 vol.
564 3819 586 3859 1.
985 3814 1025 3865 ‘lu
