2734 4159
205 356 247 421 10
480 354 620 410 DONATI
638 353 808 409 INTERPR.
827 352 935 409 VERG.

103 589 106 594 ,
191 530 290 600 reique
317 525 385 584 deos
407 524 511 593 Latio,
536 541 629 599 penus
653 524 732 583 uude
755 523 901 584 Latinum
922 520 1090 596 Albanique
1107 527 1219 596 putres

191 619 277 689 utque
304 614 384 673 altae
411 616 527 673 moenia
555 614 676 680 Bootae,
705 616 740 671 nt
768 612 860 671 etiam
886 608 957 671 tune
984 611 1064 671 bello
1091 611 1218 671 Aenean

191 704 365 780 adpetisset,
388 721 457 762 oum
480 702 639 762 civitatem
660 703 694 760 in
716 702 808 761 Italia
832 701 979 774 conderet,
1001 718 1069 759 eum
1092 702 1218 763 inferret

190 791 263 852 deos
282 792 418 852 Romano
436 792 565 869 imperio
589 794 620 849 et
642 793 739 852 statui
760 790 881 867 publioo
904 791 1087 867 profuturos,
1111 794 1217 850 oontra

193 900 270 957 quae
294 883 322 940 si
344 873 525 941 obtinuisset
542 880 629 956 Iuno,
652 900 708 940 nee
725 879 868 939 Latinum
892 897 985 958 genus
1009 897 1063 939 neo
1081 878 1216 939 Albanos
1245 900 1258 941 e

191 970 342 1048 prinoipes
365 989 462 1047 neque
486 972 585 1046 ipsam
607 969 736 1028 Romam
758 987 939 1028 emersuram
963 970 1056 1029 fuisse
1079 968 1216 1045 perinde-

192 1079 252 1137 que
279 1079 333 1120 nee
356 1062 456 1136 ipsum
480 1058 639 1120 Caesarem
666 1058 795 1119 Romani
826 1059 947 1134 imperii
982 1058 1099 1117 eulmen
1131 1057 1216 1117 habi·

191 1151 302 1207 turum.
337 1149 409 1208 dum
434 1147 577 1208 conderet
599 1148 716 1207 urbem:
740 1148 776 1206 de
798 1146 856 1206 hae
875 1146 990 1207 dietum
1008 1151 1053 1208 est
1076 1138 1122 1229 (7,
1137 1143 1215 1224 290)

192 1239 312 1313 „moliri
334 1240 396 1297 iam
418 1240 500 1297 teoto
522 1238 615 1310 videt,
637 1239 699 1296 iam
722 1236 812 1296 fidere
835 1234 960 1296 terrae“.
1007 1238 1090 1296 ouius
1114 1236 1216 1295 dolore

193 1330 342 1388 eommota
369 1326 445 1385 Iuno
478 1328 624 1386 excitavit
655 1344 709 1403 per
739 1326 862 1383 Furiam
893 1324 1014 1385 bellum.
1059 1327 1215 1402 proposito
1231 1349 1259 1389 ro

192 1436 273 1476 nova
299 1416 473 1475 inventione
500 1416 646 1490 themate,
673 1417 706 1473 in
735 1433 793 1490 quo
822 1432 883 1474 non
910 1415 1007 1473 solum
1035 1433 1112 1489 quae
1137 1418 1217 1474 esset

192 1506 326 1565 dicturus
359 1504 492 1563 ostendit
523 1524 626 1563 verum
659 1506 752 1563 etiam
784 1503 963 1562 multiformi
993 1505 1109 1562 ratione
1139 1503 1216 1562 divi-

192 1595 286 1654 sionis
309 1612 380 1653 usus
404 1596 458 1667 est,
478 1593 700 1653 commendavit
719 1611 839 1652 earmen
857 1610 944 1651 suum
963 1595 993 1651 et
1011 1592 1130 1651 Aeneae
1149 1611 1221 1668 per··

191 1702 297 1744 sonam
316 1684 398 1741 omni
416 1682 544 1741 liberam
563 1682 687 1741 erimine
705 1682 931 1755 demonstravit,
950 1680 1104 1756 Iunonem,
1123 1701 1215 1758 quam

193 1792 229 1831 ex
257 1771 374 1831 diverso
401 1773 520 1848 posuit,
548 1772 651 1830 multis
681 1770 778 1830 modis
811 1772 898 1849 gravi
930 1770 1064 1847 perfudit
1089 1770 1214 1829 invidia.
1231 1795 1258 1834 15

193 1864 294 1938 ipsum
312 1860 488 1939 adgreditur
501 1861 539 1919 ab
558 1862 750 1919 invooatione
766 1859 870 1920 Musae
889 1862 937 1920 sui
955 1861 1095 1919 oarminis
1115 1862 1215 1936 eaput,

195 1953 244 2010 oui
266 1950 326 2010 nisi
349 1949 516 2009 instmendi
539 1950 658 2008 lectoris
683 1967 774 2008 eausa
796 1949 898 2008 thema
916 1950 1130 2024 praemisisset,
1148 1968 1215 2024 per-

194 2040 319 2100 didisset
345 2039 479 2115 proseato
509 2040 640 2117 gratiam
668 2038 779 2097 laboris
807 2039 868 2112 sui,
896 2055 964 2096 oum
988 2038 1061 2114 quid
1083 2038 1216 2097 lecturus

188 2132 272 2189 esset
301 2130 395 2188 leetor
417 2128 480 2204 ipse
504 2126 638 2187 nesoiret.
683 2128 798 2186 interea
821 2127 977 2203 proposito
1000 2127 1127 2185 themati
1154 2145 1215 2185 non

193 2218 364 2278 mirandum
401 2222 446 2277 est
483 2219 516 2275 in
551 2217 687 2276 omnibus
719 2236 779 2275 non
811 2215 999 2292 respondisse
1031 2214 1214 2293 Vergilium3
1230 2237 1257 2277 ro

195 2326 263 2366 oum
292 2309 371 2365 enim
398 2306 491 2365 libros
519 2324 588 2365 suos
616 2306 763 2382 disposita
791 2304 979 2363 ordinatione
1007 2304 1215 2381 perscriberet,

194 2395 252 2454 fine
284 2389 406 2454 vivendi
438 2398 656 2454 circumventus
688 2396 886 2454 intentionem
919 2393 1111 2470 professionis
1143 2412 1215 2453 suae

196 2485 333 2560 eonplere
361 2503 421 2543 non
448 2486 562 2559 potuit,
595 2502 665 2542 nam
689 2484 859 2559 Albanique
887 2486 988 2559 patres
1017 2486 1108 2558 atque
1134 2483 1214 2543 altae

196 2574 316 2632 moenia
339 2573 451 2631 Romae
474 2593 534 2632 non
558 2574 686 2649 scripsit.

263 2662 462 2738 Exposuimus
489 2663 631 2722 thematis
659 2666 788 2737 textum,
816 2663 877 2721 iam
904 2680 983 2720 nuno
1007 2661 1045 2720 ad
1069 2660 1215 2739 originem
1231 2685 1257 2725 ss

197 2751 337 2811 carminis
369 2754 519 2827 eaputque
551 2752 721 2825 redeamus,
757 2755 792 2811 ut
824 2751 1014 2812 ostendamus
1047 2749 1216 2827 Vergilium

197 2844 354 2916 poetarum
377 2858 465 2921 more¹
479 2840 559 2917 quod
577 2844 643 2900 orat
661 2843 827 2917 scripturus
846 2840 884 2900 ab
902 2841 1093 2900 invocatione
1112 2839 1217 2899 Musae

197 2930 338 3005 coepisse.
374 2930 477 2994 Musa,
500 2930 609 3005 inquit,
631 2931 705 2989 mihi
727 2948 834 2990 causas
856 2947 994 2997 memoro,
1018 2947 1073 3003 quw
1095 2932 1217 2989 numine

196 3019 275 3078 laeso
311 3019 417 3092 quidue
453 3020 552 3078 dolens
583 3021 687 3092 regina
720 3020 806 3078 deum
838 3022 878 3078 tot
908 3020 1020 3078 uoluere
1052 3036 1139 3078 casus
1170 3021 1217 3077 in·

145 3113 180 3163 10
197 3110 309 3183 mem
326 3110 436 3182 pietate
457 3110 563 3174 virum,
583 3111 623 3166 tot
644 3109 729 3167 odire
751 3109 864 3167 labores
885 3108 1046 3181 inpulerit?
1090 3111 1216 3186 rogatur
1230 3129 1257 3170 so

196 3196 292 3272 Musa,
316 3199 458 3273 quoniam
481 3196 568 3254 deam
590 3196 666 3255 nihil
689 3199 783 3255 latere
807 3198 998 3269 convenerat,
1022 3198 1056 3253 ut
1080 3196 1216 3255 odiorum
1245 3200 1249 3208 '

197 3285 320 3346 Iunonis
353 3286 495 3345 adversus
528 3284 651 3343 Aenean
682 3286 796 3344 dioeret
832 3302 936 3345 oausas
974 3276 1104 3364 (nullum
1136 3288 1217 3344 euim

197 3377 311 3434 iustum
329 3375 431 3433 odium
450 3379 495 3434 est
514 3376 572 3434 nisi
586 3374 664 3450 quod
680 3374 881 3450 delinquentis
895 3376 1089 3449 praecesserit
1103 3367 1216 3454 eulpa),

270 3533 285 3580 2
304 3535 336 3583 ut
353 3530 436 3582 etiam
454 3527 507 3580 LR
525 3526 574 3580 edI
592 3527 665 3594 quood
682 3528 763 3580 etium
784 3527 850 3580 edl'.
933 3530 1012 3578 4-o
1031 3532 1128 3580 eontra
1145 3544 1216 3595 quoe

183 3596 244 3647 Ma
260 3606 415 3667 contraque
433 3599 476 3653 ed.
551 3603 567 3652 8
587 3599 653 3653 dum
671 3597 797 3652 eandm
815 3614 869 3652 om.
889 3597 932 3652 ed.
1012 3602 1044 3650 13
1064 3603 1088 3651 el
1107 3599 1215 3654 Aureae

170 3671 259 3717 -15
276 3668 395 3725 eamden
416 3675 525 3729 temere
543 3668 670 3727 mutavit
689 3668 733 3723 ed.
832 3674 865 3724 18
884 3669 1003 3723 lecturus
1021 3668 1073 3721 LR
1091 3670 1216 3725 dicturus

154 3727 201 3779 ed
284 3742 756 3818 21perscrreereruapraeser.
775 3741 821 3797 ed.
893 3745 930 3794 il
948 3756 1012 3794 nom
1031 3740 1150 3791 0¹11&-
