2734 4159
574 322 758 417 mammos
777 362 802 415 v
1137 349 1202 425 471

183 552 255 592 cum
278 532 325 591 his
349 535 426 591 esset
449 534 591 605 armatus,
614 551 674 590 non
697 534 799 590 tamen
821 550 915 607 parva
938 532 1039 589 extitit
1062 530 1203 591 certantis

185 622 296 699 gloria,
326 620 406 695 quod
433 624 537 679 contra
560 620 686 680 Alciden
714 612 863 700 (faciendo
888 619 1000 679 cerebri
1022 622 1203 679 mentionem

183 710 319 769 ostendit
346 712 377 768 et
403 710 579 787 sanguinem
606 708 642 767 de
670 711 768 785 capite
797 701 904 789 fuisse)
933 713 1013 768 stare
1040 728 1129 769 ausus
1158 712 1204 769 est

184 801 243 858 hoc
271 801 316 858 est
343 817 410 857 cum
433 798 537 857 Alcide
566 798 742 858 contendere
771 800 801 857 et
827 817 1016 874 perseverare
1043 816 1137 872 usque
1165 798 1202 856 ad

155 892 322 947 emortem.
369 886 494 947 Alciden
522 908 589 946 cum
617 890 858 963 pronuntiamus,
886 906 993 946 nomen
1020 889 1119 962 ipsum
1148 906 1203 962 pro

185 975 395 1053 magnitudine
423 978 545 1037 virtutis
573 978 636 1036 eius
664 976 804 1035 debemus
834 977 983 1035 extollere.
1029 976 1109 1034 dieta
1141 995 1202 1034 ma·

184 1069 276 1144 gistri
298 1067 345 1125 sui
366 1065 455 1124 laude
480 1068 562 1125 venit
584 1067 676 1124 etiam
700 1065 739 1124 ad
761 1084 854 1125 suam.
892 1065 964 1140 quid
983 1066 1071 1139 enim,
1090 1066 1115 1123 si
1134 1068 1204 1139 post

184 1156 262 1213 talia
285 1155 472 1233 egregiorum
494 1155 575 1213 facta
597 1156 661 1229 ipse
684 1155 761 1213 nihil
785 1154 877 1233 gessit
904 1156 957 1212 aut
984 1151 1102 1229 potuit?
1147 1155 1202 1220 ns,

186 1247 245 1319 ait,
273 1261 322 1319 epo
348 1249 463 1303 saetas:
499 1262 566 1302 cum
593 1243 667 1302 dicit
696 1247 811 1318 suetus,
839 1243 972 1303 ostendit
993 1243 1038 1301 his
1062 1260 1093 1301 se
1116 1261 1204 1302 usum

143 1354 171 1392 no
186 1353 251 1392 esse
278 1334 457 1408 frequenter.
504 1332 577 1390 dicit
600 1335 630 1390 et
652 1336 771 1408 tempus
795 1336 825 1391 et
847 1336 971 1408 propter
996 1332 1204 1409 adrogantiam

185 1422 343 1481 vitandam
369 1423 431 1479 iam
458 1440 489 1480 se
518 1422 630 1481 adserit
652 1424 797 1497 senuisse,
824 1425 860 1480 ut
882 1441 917 1480 ex
940 1440 974 1480 eo
997 1420 1104 1497 probet
1127 1440 1203 1496 quae

185 1512 303 1571 iuvenis
334 1512 451 1584 fecerit,
484 1530 551 1569 cum
582 1512 614 1568 in
646 1513 797 1586 praesenti
829 1513 1031 1569 contemneret
1057 1512 1202 1570 iuvenem.

185 1602 259 1659 dnm
280 1600 382 1659 melior
403 1602 478 1659 ciris
500 1602 623 1674 sangnis
646 1601 750 1659 dabat:
773 1600 843 1657 dum
862 1600 969 1659 melior
987 1600 1108 1676 sanguis
1127 1599 1258 1658 sub-416

186 1689 379 1748 ministrabat
402 1707 547 1767 congrues
570 1688 652 1748 viris.
690 1707 756 1748 ecce
779 1689 910 1748 ostendit
931 1690 1091 1749 senectutis
1109 1690 1204 1764 ipsius

145 1798 171 1838 15
186 1780 273 1838 testis
302 1796 390 1837 canos
419 1796 489 1837 suos
517 1777 641 1836 dicendo
670 1780 787 1837 aemnla
814 1780 938 1837 nccdmn
960 1779 1137 1851 temporibus
1157 1796 1205 1853 pe·

185 1869 277 1927 minis
305 1868 427 1926 canebat
452 1885 560 1940 sparsa
586 1872 731 1926 smectns:
763 1866 836 1926 bene
860 1870 962 1943 posuit
990 1868 1137 1925 aemulam
1161 1885 1204 1926 se·

186 1959 347 2030 nectutem,
372 1957 451 2031 quia,
475 1975 541 2014 oum
564 1956 641 2014 nihil
664 1959 773 2031 potest,
792 1956 912 2015 videtur
933 1956 1066 2015 invidere
1089 1957 1204 2014 virtuti.

185 2048 238 2104 sed
265 2049 293 2105 si
319 2049 421 2104 nostra
443 2046 542 2104 Dares
568 2046 640 2104 lcaec
663 2046 771 2105 Troins
799 2065 885 2105 arma
910 2050 1026 2105 recusat
1046 2046 1134 2118 idone
1150 2047 1204 2118 pio

185 2135 265 2194 sedet
287 2133 418 2203 Aeneae,
440 2135 550 2207 probat
576 2138 678 2193 unctor
700 2133 833 2194 Acestes:
865 2136 1029 2194 necessarie
1057 2134 1113 2191 hoc
1139 2133 1204 2192 loco

143 2243 172 2282 so
186 2226 272 2300 pium
295 2223 417 2281 Aenean
440 2223 529 2297 dixit,
558 2226 629 2298 quia
652 2222 689 2283 de
712 2225 808 2283 salute
831 2224 959 2282 hominis
983 2222 1140 2301 agebatur,
1168 2240 1205 2280 ne

185 2313 349 2388 iniquitate
377 2312 547 2371 certaminis
575 2331 694 2388 pressus
722 2314 866 2372 interiret.
914 2315 944 2370 et
971 2312 1026 2371 hoc
1059 2310 1206 2386 adprobat

187 2404 282 2461 etiam
304 2401 440 2460 Acestes:
475 2404 627 2461 auctorem
650 2402 739 2475 dixit,
763 2403 834 2476 quia
856 2404 922 2477 ipso
946 2401 1084 2460 hortante
1107 2402 1206 2459 tuerat

186 2493 342 2550 excitatus.
387 2508 542 2563 aeqncmns
559 2509 690 2564 pugnas,
712 2492 821 2563 Erycis
843 2492 896 2549 tibi
918 2495 1000 2565 rema
1022 2493 1148 2549 remitto:
1171 2492 1206 2547 ut

185 2579 310 2639 remotis
338 2579 486 2638 caestibus
515 2598 588 2654 quos
612 2579 750 2638 Entellus
778 2579 946 2655 protulerat
973 2580 1048 2638 ahos
1075 2582 1206 2638 sumeret

142 2671 241 2745 sequi
269 2669 408 2743 aequales
437 2687 499 2727 esse
526 2669 702 2743 potuissent.
747 2670 825 2727 soloe
851 2673 958 2727 metm:
989 2687 1061 2741 non,
1085 2670 1142 2741 ait,
1165 2670 1259 2726 testo

185 2761 248 2817 ista
270 2758 398 2816 formido
423 2758 595 2831 discruciet,
623 2758 675 2816 sed
698 2760 734 2815 ut
757 2776 811 2835 ego
834 2757 908 2816 istos
934 2776 1084 2830 removeo,
1112 2759 1156 2815 ita
1180 2761 1207 2815 ct

186 2852 220 2906 tn
245 2847 390 2905 Troianos
418 2864 488 2905 eane
515 2851 644 2917 caestus·
675 2845 798 2905 indutus
827 2848 905 2904 enim
934 2845 1071 2904 manibus
1102 2845 1206 2904 aderat

185 2936 290 2995 Dares.
336 2936 406 2994 leaeo
433 2937 514 3008 tatas
542 2936 687 3008 duplicem
715 2953 749 2994 en
775 2938 886 2994 ameris
911 2937 1036 3008 proiecit
1067 2937 1206 2994 amictnm

185 3030 214 3084 et
235 3041 358 3099 magnos
380 3026 575 3082 membrorum
598 3029 692 3093 artas,
709 3043 819 3099 magno
842 3041 909 3083 ossa
931 3026 1108 3097 lacertosque
1129 3026 1207 3082 ennit

260 3181 276 3227 3
295 3177 381 3242 faisse
399 3174 452 3227 LR
470 3177 582 3243 (tamese
601 3194 615 3227 r
633 3176 676 3229 ed.
763 3180 831 3228 6-7
851 3176 1040 3246 magistriani
1058 3174 1102 3229 vel
1120 3181 1165 3229 sat
1183 3175 1205 3227 L

184 3248 314 3317 magoni
331 3247 357 3299 R
374 3250 568 3316 magistrornm
586 3245 629 3299 ed.
687 3254 700 3299 7
721 3248 794 3300 enim
811 3246 864 3299 LR
882 3248 955 3301 enim
973 3246 1072 3301 diceret
1090 3245 1133 3299 ed.

189 3324 222 3372 10
242 3335 296 3373 esse
315 3334 367 3371 om.
383 3318 415 3370 R.
502 3324 534 3369 12
553 3318 642 3384 stccrn
659 3318 681 3370 L
700 3318 803 3384 taceret
821 3318 874 3371 ΒΟ
894 3319 1011 3384 efficeret
1028 3316 1085 3370 HU
1104 3317 1147 3370 ed.
1166 3318 1205 3383 fe·

186 3392 254 3445 ecrit
272 3406 331 3443 nos.
407 3395 438 3441 17
458 3406 542 3443 conos
560 3389 585 3440 R
604 3406 685 3443 canes
704 3389 754 3442 LO
773 3391 862 3444 erices
880 3389 937 3442 ΗΠ
956 3389 999 3442 ed.
1066 3392 1098 3441 19
1118 3404 1205 3441 neces·

185 3464 280 3516 sartae
298 3461 320 3513 L
344 3462 397 3514 ·rio
421 3461 464 3515 ed.
559 3466 589 3512 21
613 3461 761 3529 iniquitate
783 3462 942 3515 certaminis
960 3459 1013 3512 LR
1036 3461 1127 3529 inqnit
1145 3477 1163 3512 a
1181 3466 1206 3513 te

187 3532 334 3587 certamine
353 3532 378 3585 U
397 3532 440 3585 ed.
515 3537 548 3583 22
568 3532 651 3585 etiam
667 3531 720 3585 LR
738 3533 821 3585 ctiam
839 3539 935 3586 auctor
953 3531 1019 3585 eor.
1093 3536 1126 3584 23
1142 3547 1204 3599 per-

185 3605 265 3657 mitto
284 3604 314 3655 L.
413 3609 447 3655 25
466 3604 631 3670 qnaeqnalcs
648 3602 669 3654 L
689 3604 738 3671 qni
756 3620 832 3671 aean.
852 3604 878 3656 R
897 3609 928 3657 nt
946 3604 1072 3671 monetes
1090 3603 1133 3657 ed.

187 3680 295 3730 25-26
318 3676 374 3728 ista
396 3681 420 3728 te
443 3674 476 3729 a.
568 3680 601 3727 27
621 3675 729 3728 indutis
749 3674 815 3729 ede.
908 3681 941 3729 28
956 3675 1073 3743 proiecit
1091 3674 1143 3727 LR
1162 3673 1205 3726 ed.

185 3748 280 3801 reiecit
298 3745 382 3814 Verg.
402 3745 477 3799 libri.
