2734 4159
567 309 752 365 AENEIDOS
770 310 809 365 IV
1136 311 1200 375 381

184 482 322 557 sequitur
348 497 470 538 causam
497 480 724 554 exprobratione
751 498 959 557 personarum,
986 484 1021 539 ut
1045 480 1204 558 indignum

185 569 303 629 adserat
334 570 457 628 factum.
502 570 627 641 femina,
660 587 735 640 anne
765 572 873 627 nestris
903 586 1008 627 errans
1034 571 1067 627 e'n
1093 571 1204 641 finibus

184 660 285 718 nrbem
308 660 443 731 asianam
458 660 555 730 pretio
572 660 681 730 poenit,
705 659 753 716 eni
775 659 844 716 litus
862 659 1012 717 nrandnrn
1029 660 1131 730 eamne
1149 659 1204 718 toci

184 748 258 821 leges
281 747 428 806 dedimus:
450 747 523 805 tulit
545 766 576 806 se
600 766 618 805 a
641 747 761 807 nomine
784 750 815 805 et
837 747 985 824 dignitate
1008 766 1152 823 personae
1173 750 1205 807 et

163 839 228 895 sait
255 837 369 894 femina
397 836 483 912 quasi
510 836 619 895 abiecti
646 855 740 896 sexus.
787 855 858 894 nam
885 840 915 895 at
941 836 1096 895 Terentius
1125 830 1202 918 (hee.

185 929 214 1000 2,
236 928 264 999 1,
286 919 342 1005 17)
364 925 410 983 ita
433 944 468 983 ex
490 924 626 984 iracundi
648 925 728 984 senis
751 943 879 1001 persona
903 925 959 984 ait:
986 928 1047 1000 „tu,
1069 928 1203 1001 inquam,

183 1014 305 1089 mulier,
334 1032 410 1090 quaa
438 1033 484 1072 ma
513 1016 633 1073 omnino
656 1014 802 1090 lapidem,
829 1033 890 1072 non
912 1015 1063 1073 hominem
1086 1013 1202 1089 putas“.

184 1103 270 1163 addit
293 1102 455 1162 seeundum
478 1105 659 1162 convicium:
682 1122 759 1179 quae
781 1105 891 1162 nostris
916 1121 1016 1162 errans
1035 1103 1202 1178 infinibus,

183 1194 240 1252 hoo
263 1195 310 1251 est
331 1193 490 1269 peregrina
513 1196 543 1250 et
565 1210 653 1270 vaga,
675 1194 781 1252 urbem
803 1193 942 1269 exiguam
963 1193 1061 1268 pretio
1088 1194 1202 1268 posuit:

154 1300 245 1341 anon
269 1300 328 1357 quo
351 1300 420 1339 vere
444 1284 552 1359 exigua
574 1282 690 1357 fuisset,
713 1282 765 1339 sad
788 1282 881 1340 talem
905 1281 1001 1340 dicere
1024 1280 1128 1340 debuit
1151 1282 1203 1357 qui

185 1370 380 1429 deformantis
403 1370 503 1429 animo
527 1370 712 1447 loquabatur.
752 1372 850 1446 pretio
873 1372 982 1446 posuit,
1007 1389 1083 1445 quae
1107 1370 1203 1430 adhue

185 1460 286 1519 sedem
307 1479 368 1518 non
391 1460 554 1532 habuisset,
574 1460 634 1517 nisi
656 1477 712 1537 ego
736 1461 764 1517 ei
787 1462 926 1536 exiguum
950 1461 1083 1535 spatium
1101 1460 1202 1517 vendi·

185 1549 303 1621 diesem,
327 1552 361 1607 ut
383 1548 439 1608 hoe
463 1567 570 1626 genere
593 1548 764 1608 ostenderet
781 1568 890 1608 novam
914 1548 1066 1608 dominam
1089 1549 1202 1607 deferre

185 1637 352 1713 potioribus
375 1642 406 1696 et
429 1637 625 1715 originalibus
648 1637 754 1697 ineolis
777 1641 808 1696 et
829 1637 980 1713 prioribus
1004 1637 1132 1696 dominis
1153 1638 1202 1696 de·

155 1728 291 1787 tabuisse.
345 1729 394 1785 cui
424 1727 498 1785 litus
531 1727 676 1786 arandum
709 1728 815 1802 cuique
847 1726 907 1785 loei
942 1727 1023 1804 legas
1056 1727 1203 1786 dedimus:

186 1816 300 1889 colona,
319 1817 428 1891 inquit,
445 1819 549 1875 nostra
572 1821 617 1875 est
636 1815 691 1875 sub
710 1816 820 1875 nostris
839 1814 955 1893 legibus
975 1816 1092 1894 degens.
1130 1817 1203 1875 haee

186 1925 244 1964 non
268 1907 339 1964 sunt
361 1906 461 1963 omnia
484 1924 539 1981 pro
562 1904 640 1963 veris
664 1905 848 1980 accipienda,
874 1923 951 1981 quae
975 1924 1076 1965 amans
1099 1906 1202 1964 funde·

186 1993 246 2068 bat,
266 2013 342 2069 quae
361 1993 495 2052 iactabat
512 1993 659 2068 inimicus,
679 2012 756 2069 quae
774 1993 924 2054 clamabat
942 1996 1048 2053 iratus.
1079 1996 1203 2053 canentia

186 2087 286 2141 nostra
312 2084 440 2155 reppulit
466 2101 501 2141 ae
528 2084 678 2142 doeninnnn
700 2081 824 2141 Aenean
850 2084 882 2140 a'n
909 2101 1001 2156 repna
1023 2086 1141 2156 recepit:
1173 2086 1204 2142 et

157 2184 379 2247 npersonarum
407 2176 438 2231 at
464 2174 539 2231 faeti
566 2172 811 2247 conparationem
837 2172 949 2231 faciens
980 2173 1024 2231 ait
1055 2174 1203 2233 recusavit

187 2265 288 2321 nostra
311 2260 451 2320 conubia:
475 2265 578 2321 nostra
601 2261 680 2336 quod
705 2260 788 2334 dixit,
810 2261 843 2319 in
864 2263 1040 2337 pronomine
1062 2264 1202 2321 meritum

187 2368 330 2424 personae
358 2352 444 2426 quasi
471 2350 602 2409 melioris
630 2354 660 2408 et
691 2350 869 2425 potentioris
902 2353 1061 2426 expressit,
1098 2350 1203 2410 deinde

188 2439 305 2499 oonubii
337 2440 647 2499 commemorationem
678 2440 763 2513 fecit,
795 2442 830 2498 ut
858 2439 1027 2498 ostenderet
1053 2442 1085 2498 in
1115 2458 1204 2499 eausa

188 2526 310 2588 honesta
328 2529 512 2604 postulatam
530 2528 682 2604 repulsam
700 2530 851 2587 remittere
870 2528 1020 2605 maluisse,
1034 2533 1204 2604 susceptum

158 2628 178 2671 u
189 2622 288 2677 autem
305 2617 428 2675 Aenean
451 2618 604 2677 dominum
622 2619 724 2693 potius
744 2636 837 2692 quam
854 2618 1004 2676 maritum.
1041 2618 1129 2677 huius
1153 2618 1203 2676 ob-

189 2708 397 2767 trectationem
423 2706 591 2784 subiungit,
619 2710 652 2765 ut
679 2708 770 2765 satiet
796 2706 1007 2783 indignitatem
1035 2707 1108 2765 facti
1136 2726 1203 2766 cum

189 2797 248 2855 eius
277 2796 491 2854 deformatione
521 2816 608 2871 quem
635 2814 665 2855 se
690 2798 861 2871 contempto
885 2795 1004 2854 dolebat
1028 2795 1203 2857 admissum:

190 2889 309 2944 annno
326 2885 374 2943 ille
392 2886 495 2944 Paris:
517 2905 571 2961 per
590 2885 745 2963 originalis
764 2885 893 2943 hominis
912 2885 1062 2943 inlicitum
1080 2887 1194 2945 factum
1204 2892 1255 2939 215

189 2975 297 3033 crimen
328 2976 484 3032 inventum
517 2978 574 3049 est,
607 2974 691 3033 euius
723 2974 840 3033 Aeneas
873 2974 1047 3032 adficeretur
1078 2975 1202 3049 invidia,

188 3076 399 3085 w..—

258 3133 272 3179 1
297 3126 510 3194 opprobratione
533 3124 585 3177 th
611 3126 735 3195 exprobr.
755 3143 805 3178 nos
833 3127 1032 3195 approbatione
1054 3126 1130 3179 red.

188 3199 288 3268 elegis
306 3196 366 3250 LR.
447 3202 508 3250 tet
525 3198 672 3252 terrentius
690 3196 742 3249 LR
760 3204 785 3251 et
803 3214 856 3250 om.
872 3197 914 3250 ed.
993 3198 1141 3251 sonatan
1158 3197 1201 3251 ed.

257 3274 273 3321 9
293 3286 400 3337 aapans
418 3269 461 3322 ed.
536 3273 569 3321 10
588 3285 643 3321 non
663 3269 736 3339 qnod
755 3268 797 3322 ad.
818 3269 861 3337 (ut
879 3268 968 3337 solet).
1042 3273 1146 3322 11-12
1165 3268 1203 3321 ad

189 3338 241 3395 dno
263 3341 351 3395 sedern
370 3340 391 3392 L
414 3339 534 3393 alteram
556 3342 575 3393 d
594 3355 654 3408 exp.
674 3356 748 3392 man.
763 3339 789 3392 Π
812 3340 986 3394 adnossedene
1004 3340 1030 3392 R
1050 3341 1131 3393 aliter
1148 3356 1169 3393 s.
1189 3358 1204 3391 r

189 3412 277 3466 adbne
294 3412 382 3465 sedern
401 3412 443 3465 ed.
508 3416 540 3464 12
559 3427 685 3481 neserga
699 3410 752 3463 th
766 3410 808 3463 ed.
824 3413 880 3465 nisi
893 3428 944 3465 nos
957 3429 972 3463 r
989 3412 1105 3481 nisiago
1120 3426 1180 3463 nos.
1196 3410 1200 3482 1

189 3484 314 3553 cerignana
332 3482 362 3535 L.
394 3486 397 3551 Ι
431 3484 610 3537 vindedissena
629 3482 681 3534 th
701 3482 918 3537 neeadedissnnns
935 3500 950 3535 r
967 3483 1140 3537 vendidimus
1159 3481 1201 3536 ed.

242 3561 274 3608 13
294 3559 326 3607 nt
344 3554 424 3607 deest
442 3553 538 3606 inth
552 3554 713 3621 addred,
728 3553 762 3607 cf.
775 3558 817 3619 10,
828 3559 870 3607 62.
934 3560 966 3607 16
986 3561 1011 3608 et
1028 3553 1201 3608 snbLRed.

189 3631 225 3679 est
241 3644 263 3680 s.
284 3641 342 3678 nos.
412 3631 445 3678 21
465 3625 539 3679 dian
556 3624 608 3677 th
627 3626 669 3677 ait
687 3626 730 3678 ed.
795 3630 829 3678 ‘29
849 3626 1017 3695 aspiceretnr
1034 3625 1093 3678 nn
1111 3625 1215 3689 abiice-

189 3704 262 3752 retnr
280 3697 339 3749 edF
357 3698 519 3763 adficeretur
535 3713 594 3751 nos.
