2734 4159
563 349 747 405 AENEIDOS
768 350 804 404 VI
1135 349 1202 415 539

180 540 243 597 que
261 518 320 579 sibi
337 519 419 578 ultro
437 517 593 577 funereum
611 521 784 597 procuravit
802 519 978 595 obsequium
998 539 1074 595 quae
1095 519 1202 579 salutis

181 628 256 669 suae
278 611 397 684 tempus
420 606 549 685 abrupit.
590 626 667 682 pars
694 611 805 683 inpiati
833 610 947 669 satiare
973 610 1093 681 feretro,
1122 609 1202 668 triste

180 700 397 769 ministeriam
417 696 534 756 ferendi
551 699 662 775 quippe
681 699 794 757 timeris
814 698 1014 757 ministerium
1032 698 1202 757 luctuosum

182 790 230 847 est
253 789 284 846 et
306 806 341 847 eo
363 786 460 864 magis
483 786 515 844 in
538 786 646 846 Miseni
668 786 824 864 obsequio,
852 787 905 846 ubi
933 787 1033 846 nullus
1062 789 1126 845 erat
1151 788 1202 862 qui

147 896 245 938 anon
273 876 401 951 doleret3
436 874 532 935 adhuc
556 877 635 935 enim
658 878 781 935 extrarii
809 875 943 935 adhiberi
971 896 1030 935 non
1059 894 1201 935 convene·

181 968 268 1040 runt,
292 964 344 1024 sed
365 964 414 1023 illi
432 965 485 1040 qui
507 966 632 1041 possunt
654 965 775 1041 requiri.
822 970 847 1025 ct
869 967 1026 1024 subiectam
1048 983 1127 1023 aiore
1144 984 1202 1038 pa·

181 1058 300 1114 reatum
323 1055 420 1113 aversi
443 1058 559 1112 censae
576 1056 687 1127 sacen:
709 1055 800 1131 prisci
819 1056 897 1113 enim
916 1072 983 1113 cum
1001 1056 1103 1131 ignem
1120 1055 1202 1131 rogis

181 1145 344 1217 inferrent,
371 1161 431 1201 non
455 1141 509 1202 sub
533 1143 627 1202 oculis
654 1145 716 1203 suis
743 1146 866 1221 propter
892 1143 1064 1219 pellendum
1092 1142 1201 1202 doloris

182 1234 389 1311 augmentum,
412 1232 463 1291 sed
482 1252 500 1289 a
518 1234 603 1310 tergo
622 1251 684 1307 suo,
708 1236 742 1291 ut
761 1232 880 1307 dicitur,
903 1234 983 1291 faces
1002 1231 1201 1307 adponebant.

137 1326 318 1397 recooperta
341 1325 508 1380 acuuntur
530 1326 614 1381 turea
637 1322 724 1391 dona,
747 1324 847 1395 clupea,
870 1324 938 1395 fuso
962 1326 1086 1381 actaea
1104 1322 1255 1379 circasse

182 1412 324 1470 meritum
347 1412 459 1470 mortui
486 1410 518 1469 in
541 1411 705 1488 specierum
733 1410 919 1469 abundantia
946 1410 1144 1487 probabatur,
1172 1412 1203 1469 et

183 1520 252 1559 cum
274 1518 335 1559 non
358 1499 471 1559 dicitur
492 1502 612 1559 tantum
634 1502 711 1560 turis
735 1503 881 1575 quantum
904 1500 989 1573 solet,
1011 1499 1079 1576 plus
1102 1501 1203 1574 potest

183 1589 290 1649 sentiri
325 1607 416 1664 quam
445 1588 603 1648 constabat
632 1589 798 1666 inpensum.
848 1588 973 1663 proinde
1001 1591 1063 1663 tus,
1094 1589 1202 1664 inquit,

184 1680 360 1757 congestum
382 1678 439 1737 hoc
462 1679 508 1736 est
530 1678 684 1755 copiosum
707 1678 854 1736 traditum
877 1678 1006 1736 flammis
1030 1677 1154 1737 ardebat
1173 1680 1203 1735 et

142 1787 168 1828 aa
183 1769 285 1827 oleum
302 1787 363 1826 non
381 1766 537 1843 paulatim,
556 1767 608 1826 aad
626 1767 717 1826 semel
732 1766 813 1826 cadis
832 1767 964 1825 infusum
979 1767 1117 1825 incendia
1134 1768 1202 1844 ipsa

184 1855 366 1916 cumulabat.
407 1860 563 1929 posquam
587 1857 720 1930 conlapsi
747 1858 857 1916 ciaaes
884 1860 911 1915 ct
936 1858 1059 1929 stamma
1086 1858 1202 1929 quieuit

182 1947 324 2021 reliquias
341 1946 409 2003 ciac
434 1949 460 2003 et
481 1945 612 2004 bibulam
634 1946 732 2004 iacere
757 1945 909 2019 fauillam:
938 1945 990 2004 ubi
1018 1944 1201 2021 consumptis

182 2034 325 2094 membris
348 2034 470 2094 recessit
492 2034 613 2092 flamma
641 2037 671 2093 et
698 2036 796 2093 totum
823 2035 855 2093 in
879 2034 991 2093 cineres
1013 2052 1134 2093 versum
1158 2037 1202 2094 est

183 2124 265 2200 quod
288 2122 422 2197 ardebat,
444 2124 515 2183 vino
539 2123 675 2182 ablutum
699 2126 744 2182 est
767 2124 848 2199 quod
871 2124 970 2182 fuerat
993 2122 1201 2201 colligendum.

137 2233 167 2275 so
183 2230 308 2287 ossaque
329 2213 410 2280 lecta
434 2212 513 2272 lecta
536 2231 572 2271 ex
595 2212 744 2272 cineribus
767 2212 918 2290 lignorum
942 2215 972 2272 et
995 2213 1106 2287 carnis,
1130 2212 1202 2271 cado

182 2304 254 2363 texit
272 2300 442 2377 Corynaeus
460 2318 547 2361 acac:
564 2303 597 2359 in
616 2301 723 2360 cadum
742 2320 867 2360 aeneum
886 2300 1056 2377 Corynaeus
1076 2302 1203 2360 coniecit

182 2395 215 2451 et
242 2391 319 2450 texit
346 2390 503 2465 reliquias,
542 2408 609 2451 ossa
641 2389 718 2448 dixit
751 2410 828 2466 quae
862 2410 922 2449 non
957 2393 1202 2467 consumpserant

181 2481 336 2558 flammac3
372 2480 446 2539 haec
478 2480 557 2537 enim
594 2480 658 2538 sola
696 2480 852 2554 sepulchro
890 2479 976 2539 condi
1013 2481 1201 2539 consuerunt.

180 2571 262 2630 ideae
284 2574 327 2628 tcr
349 2570 442 2628 sorim
457 2586 542 2642 para
569 2569 746 2628 circumtulit
771 2568 854 2628 wuda
881 2587 1022 2644 sparaeas
1049 2587 1115 2629 rore
1137 2570 1256 2628 zeoisao

137 2679 168 2722 ss
184 2664 213 2718 ct
233 2675 317 2718 ramo
339 2658 433 2731 felicis
455 2659 548 2717 olicae
566 2657 757 2732 basiraciiqac
776 2659 878 2716 domas
897 2658 1025 2731 dicitque
1042 2660 1203 2717 novissima

182 2748 288 2808 acrba·
325 2746 468 2822 quoniam
500 2765 591 2824 supra
623 2746 699 2805 dixit
731 2749 904 2823 „totamque
938 2748 1066 2806 incestat
1099 2749 1202 2806 funere

182 2834 337 2910 classem“,
373 2836 423 2895 hic
454 2836 654 2911 expiationem
688 2836 821 2894 omniurn
853 2836 1120 2913 purgationemque
1154 2837 1203 2895 de·

182 2924 302 2999 scribit,
326 2944 402 3000 quae
425 2924 460 2983 fit
483 2944 517 2985 eo
541 2924 602 2983 ritu
626 2943 686 3000 quo
711 2923 898 3001 Corynaeum
925 2925 1029 2985 fecisse
1060 2925 1202 2999 adseruit,

256 3173 274 3221 4
292 3168 406 3223 muenia
420 3167 453 3220 V.
509 3172 525 3219 b
544 3167 662 3221 maarai
675 3166 800 3221 adbiberi
813 3172 996 3221 couvenerant
1009 3166 1034 3217 V
1048 3183 1104 3220 aaa
1119 3182 1203 3220 sensu

181 3238 361 3310 postulatum
379 3238 498 3303 inserui,
522 3240 616 3292 cetera
634 3239 744 3291 mutare
764 3255 819 3290 non
838 3253 923 3291 ausus
942 3254 1003 3290 aum
1022 3239 1157 3291 astrarici
1176 3256 1201 3291 a.

182 3309 408 3367 canaescet.
479 3315 494 3362 6
513 3310 572 3362 illic
589 3310 638 3363 abi
655 3316 770 3377 passast
787 3309 923 3377 repperiri
939 3308 964 3361 V
983 3309 1026 3362 ed.
1047 3308 1203 3377 emendavi,

183 3383 254 3452 quia
275 3380 435 3435 absurdum.
523 3382 714 3448 Siascrcbaat
731 3379 774 3434 ed.
863 3386 894 3432 11
915 3381 1091 3434 abundantia
1110 3379 1134 3431 V
1151 3381 1202 3447 tia-

181 3454 299 3526 mantia
317 3453 360 3507 ed.
391 3457 395 3518 Ι
428 3454 562 3521 motatur
580 3451 623 3505 ed.
714 3457 746 3505 12
766 3457 900 3520 quautam
918 3452 1007 3505 tastris
1025 3456 1159 3520 quautam
1177 3451 1203 3505 V

183 3542 254 3580 corr.
274 3523 319 3579 ed.
412 3530 444 3578 15
463 3525 543 3578 cades
561 3524 593 3577 V.
687 3526 721 3575 20
739 3539 835 3577 carues
852 3521 878 3575 V
901 3521 1073 3591 (huiusmodi
1096 3538 1202 3577 errores

182 3612 271 3666 saepe
289 3598 439 3649 occurrunt
461 3595 491 3648 in
509 3594 553 3663 V).
645 3600 677 3648 21
703 3595 828 3649 emineas
851 3593 925 3647 infra
947 3610 1079 3663 corporae
1097 3593 1130 3647 V.

183 3673 220 3722 23
243 3673 441 3722 consueverunt
463 3665 506 3720 ed.
598 3671 631 3718 25
655 3666 752 3720 domas
773 3665 799 3718 V
822 3666 915 3719 domos
937 3665 980 3719 ed.
1005 3667 1079 3719 ciros
1101 3664 1203 3734 optimi

181 3738 269 3809 Verg.
288 3736 364 3803 libri,
384 3738 434 3792 scd
452 3736 686 3805 interpretatione
705 3736 870 3791 affirmatur.
