2734 4159
483 415 487 420 .
588 365 771 421 AENEIDOS
789 366 829 419 VI
1151 365 1215 430 617

197 537 230 596 id
257 539 303 597 est
331 537 357 595 si
382 538 479 614 possis
502 537 568 595 fate
591 536 716 596 adverse
739 553 892 611 superare,
914 535 1027 611 poteris
1050 554 1114 596 esse
1136 533 1216 595 Mer·

198 626 299 685 collus.
348 628 418 703 post
448 624 568 684 infinite
600 643 677 701 quae
709 624 745 683 de
777 626 841 683 eius
873 642 925 700 spe
957 625 1076 685 loeutus
1108 626 1154 684 est
1186 627 1216 684 et

197 717 333 792 periture
358 714 443 775 flevit
469 718 499 773 et
527 714 643 793 gemuit
668 713 771 791 posuit
794 715 857 773 eius
880 732 998 789 nomen,
1020 733 1098 774 nunc
1121 713 1157 773 de
1180 733 1215 773 eo

199 804 313 881 aliquid
340 803 424 863 dixit.
469 804 608 863 menibus
634 804 701 862 dete
723 804 788 862 didio
805 804 917 877 uenis,
939 820 1108 877 purpeneos
1130 819 1215 877 eper-

171 915 184 955 s
196 912 267 968 qens
288 896 388 966 flores:
411 892 562 952 adfectum
584 891 714 952 dolentis
737 892 881 969 expressit
903 891 1028 953 dicendo
1051 891 1130 966 dete,
1148 909 1216 950 cum

198 1002 258 1042 non
281 985 379 1042 essent
397 985 517 1059 praesto
536 984 589 1057 qui
607 981 722 1056 durent,
740 984 772 1040 et
790 981 869 1056 quod
889 981 933 1041 eit
951 981 1090 1041 menibus
1108 980 1215 1059 plenis,

196 1072 254 1131 hoe
285 1089 404 1148 quoque
435 1072 526 1147 plene
558 1070 658 1131 officie
685 1070 844 1149 significet.
891 1072 1078 1144 animamque
1104 1073 1215 1145 nepotis

197 1162 243 1220 bis
268 1162 372 1220 sudem
398 1160 710 1232 edeunulnndonix
745 1159 890 1219 solacium
917 1163 963 1219 est
995 1158 1074 1219 enim
1104 1178 1206 1219 eorum
1216 1164 1249 1214 88

197 1269 251 1325 per
274 1269 349 1327 quos
371 1250 541 1325 parentulis
563 1248 689 1308 mortuis
713 1248 896 1309 exhibentur.
943 1252 970 1307 et
990 1250 1103 1322 furequr
1128 1249 1216 1308 neni

158 1360 184 1400 ro
197 1356 332 1399 munere:
353 1340 429 1397 mire
451 1339 585 1415 positum
607 1356 643 1398 ex
660 1356 787 1414 persone
805 1338 918 1398 mortui
936 1337 1017 1414 quod
1033 1338 1136 1397 inuria
1155 1337 1217 1397 sint

198 1446 276 1504 quse
302 1428 431 1488 mortuis
457 1426 647 1504 exbibentru3
678 1428 735 1486 hoc
760 1427 840 1487 enim
862 1429 928 1503 ipse
951 1427 1060 1488 certius
1082 1431 1214 1486 noverat.

196 1519 239 1576 sic
261 1519 321 1575 nn
334 1517 450 1590 passim
468 1518 584 1591 regione
601 1520 749 1590 coquntur
767 1518 845 1576 ueris
862 1518 896 1575 in
913 1519 1026 1591 eampis
1044 1517 1112 1576 letis
1131 1521 1216 1589 etque

196 1608 296 1665 meniu
322 1605 464 1665 lustrent:
495 1624 555 1664 non
582 1606 735 1682 conplevit
762 1607 863 1665 omniu
889 1624 968 1681 quse
996 1606 1077 1682 apud
1104 1606 1215 1665 inferos

197 1693 365 1772 agebantur
387 1712 442 1754 nec
464 1694 574 1753 debuit.
612 1698 690 1755 esset
712 1696 792 1753 enim
815 1694 932 1769 vitium,
956 1694 981 1753 si
1003 1699 1102 1755 totum
1124 1695 1216 1755 vellet

157 1803 183 1845 rs
197 1786 287 1859 poete
309 1784 440 1843 carmine
463 1802 517 1851 suo
540 1783 787 1859 conprehendere,
811 1784 890 1859 quod
914 1787 944 1843 et
966 1785 1090 1868 longum
1113 1786 1144 1842 ct
1170 1786 1215 1842 in-

196 1872 338 1948 possibile
362 1874 430 1931 fuit.
476 1873 625 1932 convertit
648 1892 679 1932 se
702 1874 796 1950 igitur
819 1873 857 1931 sd
881 1873 1117 1950 generalitatem,
1138 1892 1215 1949 quse

197 1964 309 2035 totum,
341 1962 434 2021 etiam
465 1981 525 2022 non
556 1962 671 2021 dietum
698 1963 799 2038 potuit
827 1961 995 2039 significare
1023 1962 1104 2022 omni
1131 1981 1215 2021 more

197 2050 344 2111 submotu
380 2052 413 2109 in
436 2069 620 2128 camporum,
638 2051 747 2127 inquit,
765 2051 928 2111 latitudine
950 2054 1048 2111 totum
1067 2051 1115 2110 illi
1132 2069 1215 2110 mon·

197 2141 306 2199 stravit
328 2143 358 2199 et
380 2159 434 2216 per
456 2141 576 2217 singule
595 2160 663 2199 eum
681 2139 776 2200 duxit.
813 2135 1002 2218 †postquam
1020 2140 1139 2217 singule
1158 2141 1215 2215 sit3

155 2249 183 2289 so
197 2230 423 2306 singulu'enim
451 2248 506 2289 nec
527 2231 561 2288 in
584 2250 676 2289 unum
700 2230 823 2289 confuse
846 2232 1011 2289 monstrare
1035 2229 1140 2289 debuit
1163 2229 1216 2306 qui

195 2317 292 2387 filium
318 2318 446 2396 benigne
473 2318 595 2379 volebat
622 2319 778 2378 instruere.
823 2318 880 2377 hoc
903 2321 948 2379 est
971 2318 1051 2394 quod
1074 2320 1118 2376 sit
1141 2337 1215 2392 quoe

191 2411 349 2481 postquem
374 2407 517 2467 Anchises
548 2412 653 2467 nutum
679 2424 737 2481 pen
767 2408 887 2481 sicquid
919 2409 1003 2467 dueit
1033 2408 1215 2481 incenditque

196 2498 329 2556 animuin
355 2500 455 2572 feneee
481 2499 622 2557 uenientis
649 2514 761 2564 emere,
790 2497 856 2555 enin
883 2497 959 2556 bellu
980 2498 1043 2555 uiro
1066 2501 1208 2557 memoret
1216 2500 1249 2550 89

158 2597 161 2605 ·
196 2602 271 2659 quoe
293 2586 397 2645 deinde
416 2586 786 2661 perendeLuinentisque
808 2585 888 2645 docet
904 2586 1031 2659 populos
1058 2587 1215 2659 urbemque

155 2692 183 2733 rs
197 2674 302 2734 Leuni
330 2679 356 2733 u
381 2692 437 2749 quo
457 2693 603 2749 quemque
629 2675 715 2734 modo
745 2676 896 2748 fugietque
917 2675 1050 2748 suntque
1073 2675 1215 2734 laborem:

197 2764 294 2839 primo
312 2764 394 2823 laete
411 2765 547 2824 uenerit
563 2764 636 2839 filio,
654 2764 859 2840 praetermisit
877 2764 987 2838 tristis,
1006 2763 1103 2823 solum
1121 2784 1215 2824 unum

197 2853 276 2927 quod
305 2856 382 2913 esset
408 2852 568 2912 dolendum
595 2852 632 2913 de
655 2853 797 2912 Marcello
824 2853 943 2912 rettulit
971 2856 1002 2916 et
1028 2854 1084 2913 hoe
1114 2853 1215 2929 ipsum

196 2960 257 3000 non
288 2943 457 3016 voluntate,
489 2942 541 3001 sed
572 2947 607 3001 ut
637 2943 838 3021 interroganti
863 2941 982 3001 Aeneae
1013 2941 1214 3018 responderet.

196 3033 296 3089 cetera
323 3032 351 3090 ei
379 3031 433 3093 sub
460 3032 657 3109 generalitate
681 3032 759 3090 dixit
782 3034 901 3090 ostensu
924 3050 979 3090 nec
1002 3031 1077 3089 dixit
1101 3033 1214 3107 speeie·

269 3258 283 3305 1
303 3270 357 3309 esee
371 3255 523 3310 Marcellus
537 3254 562 3309 V
576 3262 607 3309 tu
625 3253 759 3323 interpos.
773 3254 816 3307 ed.
886 3259 902 3307 8
920 3270 997 3308 nune
1009 3254 1035 3307 V
1053 3259 1119 3308 nec?
1138 3270 1214 3309 nunc

194 3325 319 3378 eumed.
398 3331 415 3378 4
434 3326 549 3395 aliquod
566 3325 592 3380 V
610 3342 680 3380 corr.
701 3325 744 3379 ed.
826 3330 859 3380 14
877 3332 944 3379 esset
961 3327 1034 3379 enin
1052 3324 1078 3378 V
1096 3342 1150 3381 esse
1169 3325 1212 3378 ed.

197 3396 312 3463 propter
329 3394 432 3450 fulsum
449 3397 713 3467 interpunctionem.
731 3398 736 3465 Ι
755 3402 841 3451 totuin
859 3395 884 3450 V
903 3401 1011 3450 tentum
1030 3396 1072 3451 ed.
1137 3401 1169 3450 15
1189 3403 1217 3462 et

195 3466 308 3536 longum
325 3466 351 3520 V
369 3474 394 3522 et
412 3486 465 3523 om.
481 3468 524 3523 ed.
600 3474 632 3522 18
650 3469 683 3521 in
701 3484 754 3521 om.
770 3468 814 3523 ed.
840 3470 844 3536 Ι
872 3467 1046 3522 latitudinem
1064 3467 1090 3521 V
1104 3468 1147 3522 ed.
1168 3484 1213 3522 ·ne

194 3551 256 3588 nos.
273 3537 278 3604 Ι
298 3542 382 3592 tetum
400 3539 425 3593 V
443 3546 527 3595 totum
546 3541 590 3593 ed.
607 3544 611 3607 Ι
631 3541 676 3594 un
695 3557 748 3594 om.
764 3539 808 3593 ed.
872 3543 904 3592 19
923 3538 997 3593 discit
1013 3538 1038 3591 V
1058 3554 1126 3593 corr.
1142 3538 1185 3593 ed.
1207 3539 1211 3607 1

192 3612 340 3674 postquam
352 3612 464 3682 singulo
473 3611 498 3666 V
508 3612 565 3666 ed:
577 3618 724 3680 postquem
738 3628 772 3665 ex
786 3610 915 3680 sequenti
924 3609 1057 3663 lemmate
1067 3608 1212 3679 irrepsisse

197 3675 315 3731 videtur.
371 3687 404 3735 25
418 3686 445 3735 et
457 3698 560 3753 quoque
575 3682 607 3735 V.
663 3688 698 3736 29
713 3689 815 3737 ostense
828 3681 854 3736 V
867 3686 975 3736 ostense
993 3697 1057 3747 nos;
1076 3697 1130 3735 om.
1141 3681 1184 3735 ed.
1207 3685 1209 3751 i

197 3762 246 3800 nec
263 3748 337 3804 dicit
353 3751 379 3806 V
396 3769 445 3807 nee
463 3752 506 3807 ed.
523 3755 527 3824 i
547 3754 702 3822 specialiter
719 3754 745 3807 V
763 3770 803 3824 sp.
818 3754 960 3809 ostendens
978 3752 1021 3807 ed.
