2734 4159
474 390 478 395 .
587 342 801 399 AENEIDOSI
1073 395 1080 408 ,
1161 344 1200 408 11

183 515 290 573 utrum
313 512 436 589 aliquod
453 532 563 571 numen
581 513 630 571 vel
647 513 745 589 ipsam
763 513 907 574 Iunonem
925 513 1061 573 laesisset
1077 513 1202 587 Aeneas,

184 604 229 677 ut,
248 620 318 662 cum
335 602 419 661 nulla
438 604 516 661 esset
533 604 666 670 inventa,
686 600 875 663 confirmaret
893 602 1016 663 Iunonie
1035 605 1202 663 saevitiam.

183 692 313 767 ideoque
344 693 486 768 opposuit
511 691 661 769 insignem
688 692 800 768 pietate
829 693 940 765 vnum,
973 694 1007 750 ut
1034 691 1203 752 ostenderet

185 781 376 840 innocentem
397 782 445 839 tot
466 780 586 839 volvere
609 798 696 841 oasim
721 776 883 859 [insignem
904 782 1018 857 pietate
1040 782 1138 840 virum
1157 784 1204 840 tot

158 869 270 931 redire
297 868 415 930 lebores
441 867 599 946 inpulerit]
628 873 671 944 et,
700 870 780 946 quod
808 871 867 928 fuit
892 870 1028 947 prosim,
1054 870 1204 948 insignem

186 960 301 1036 pietate
324 959 431 1033 virum,
454 958 511 1017 hoc
529 958 717 1018 est'deorum
739 959 885 1019 cultorem
903 962 934 1017 et
952 960 1104 1036 spectatae
1122 962 1203 1019 vitae

185 1049 345 1106 hominem.
383 1067 442 1124 quo
465 1047 531 1107 loeo
554 1066 711 1124 possumus
734 1048 867 1107 conicere
889 1048 963 1125 quid
985 1047 1103 1107 factura
1126 1051 1204 1107 esset

185 1136 382 1213 delinquenti,
401 1136 521 1213 quando
544 1138 588 1196 sic
606 1136 722 1196 adflixit
740 1138 901 1197 innoxium.
947 1155 1023 1213 quae
1042 1138 1143 1195 omnia
1162 1138 1204 1197 sic

185 1227 219 1285 in
241 1244 335 1283 unum
357 1225 546 1303 redigimtur3
571 1245 642 1284 nam
664 1226 763 1299 irasci,
782 1244 851 1285 cum
868 1225 1017 1285 irascendi
1035 1244 1127 1285 cause
1144 1246 1205 1285 non

145 1336 172 1376 ro
186 1316 341 1392 suppetat,
374 1318 405 1374 et
436 1301 497 1374 n'on
523 1316 630 1375 satiari
657 1316 821 1375 innumeris
849 1315 1005 1375 tormentis
1038 1315 1143 1373 alienis
1174 1318 1204 1374 et

186 1403 373 1481 gravissimis
397 1404 515 1463 casibus
539 1405 666 1463 saevitis
690 1407 735 1465 est
753 1424 814 1464 non
831 1405 962 1464 ferenda.
1000 1403 1079 1481 quod
1103 1407 1205 1463 autem

185 1495 219 1551 in
242 1493 374 1551 themate
396 1495 500 1569 posuit
522 1512 629 1552 saevae
651 1513 813 1553 memorem
835 1494 958 1553 lunonis
981 1493 1019 1552 ob
1042 1495 1129 1568 iram,
1156 1492 1203 1551 hio

186 1601 306 1658 quoque
329 1581 493 1640 confirmat.
539 1582 654 1641 interea
680 1583 738 1643 hoc
764 1583 890 1642 dicendo
917 1584 1042 1642 instruit
1068 1583 1203 1642 homines

186 1670 226 1729 ad
252 1670 363 1729 bonam
390 1670 512 1731 vivendi
537 1672 694 1731 rationem.
739 1672 851 1731 bonum
877 1673 956 1731 enim
983 1674 1082 1731 virum
1110 1673 1205 1732 iustus

145 1760 273 1821 redelor
300 1759 388 1818 debet
409 1777 595 1819 commovere
619 1763 650 1819 et
671 1762 716 1820 sic
738 1779 792 1821 nee
815 1761 846 1820 in
871 1761 986 1821 ultione
1009 1763 1050 1821 sit
1071 1760 1205 1820 inmode-

185 1852 271 1909 ratus
303 1866 358 1907 nec
389 1850 471 1926 ipsas
503 1851 641 1926 quamvis
677 1850 773 1910 iustos
809 1852 986 1910 inimicitias
1022 1849 1136 1909 diutius
1173 1850 1205 1907 in

186 1939 288 1996 animo
316 1940 453 1997 retentet.
498 1939 555 1998 hoc
582 1937 738 1998 hominum
765 1958 858 2017 genus
885 1940 1008 1999 meliore
1031 1940 1204 1998 testimonio

187 2027 350 2086 Sallustius
382 2028 576 2104 prosequitur
607 2030 638 2087 et
669 2029 835 2088 contrarios
868 2029 983 2088 occulte
1015 2027 1205 2103 reprehendit

186 2117 289 2175 dicens
319 2108 400 2196 (Cat.
425 2118 458 2188 9,
483 2110 518 2195 5)
551 2119 600 2190 „et
632 2121 755 2194 accepta
786 2118 898 2176 iniuria
913 2119 1094 2194 *ignoscere-
1113 2135 1207 2192 quem

144 2228 172 2267 so
187 2206 329 2282 persequi
363 2203 542 2264 malebant“.
595 2209 742 2282 quantum
779 2225 849 2285 ergo
882 2204 1124 2283 reprehendenda
1161 2208 1206 2264 est

186 2295 273 2370 Iuno,
297 2312 374 2370 quae
397 2312 451 2353 nec
475 2296 591 2370 accepit
612 2294 732 2354 Aeneae
755 2294 898 2355 iniurium
921 2299 951 2354 et
979 2297 1022 2354 sic
1049 2298 1206 2370 persecuta

187 2386 235 2443 est
256 2383 459 2443 innocentem!
504 2385 596 2443 etiam
619 2383 671 2443 diu
694 2384 869 2445 inimicitias
893 2386 992 2443 tenuit
1014 2385 1099 2443 nulla
1120 2403 1207 2461 prae-

187 2472 312 2532 cedente
336 2472 497 2531 offensione
520 2475 673 2549 susceptas
696 2492 750 2532 nec
773 2476 820 2533 tot
842 2476 947 2549 poenis
971 2476 1002 2532 et
1024 2473 1207 2533 eruciatibus

187 2562 317 2621 insontis
339 2563 440 2637 potuit
462 2563 577 2621 satiari.
623 2562 760 2622 tuutueuc
788 2565 897 2622 cuiuis
924 2563 1094 2621 coelestibus
1122 2564 1208 2622 truc?

145 2673 173 2713 25
187 2654 221 2710 in
249 2649 372 2709 deorum
399 2650 549 2709 mentibus
577 2651 687 2710 lenitas
716 2670 751 2711 ac
778 2652 930 2711 miseratio
959 2656 990 2710 et
1014 2671 1142 2728 pronum
1171 2651 1208 2709 ad

188 2739 436 2799 benefaciendum
467 2742 573 2799 votum
600 2758 663 2799 esse
690 2743 838 2800 convenit.
884 2741 953 2799 inde
977 2740 1130 2819 Vergilius
1157 2740 1207 2799 ad-

187 2830 325 2903 miratum,
348 2846 415 2887 cum
439 2829 513 2887 dicit
535 2832 676 2889 tantaene
701 2831 809 2889 animis
833 2829 1010 2889 caelestibus
1033 2831 1110 2903 irae,
1136 2830 1210 2905 quia

188 2936 243 2977 nec
275 2918 389 2977 frustra
420 2919 511 2978 irasci
542 2918 652 2977 debent
683 2937 738 2978 neo
775 2921 1005 2979 commotionem
1042 2937 1127 2979 suam
1162 2920 1207 2975 in-

263 3165 278 3212 1
298 3167 392 3214 utrum
410 3160 524 3229 aliquod
542 3160 594 3213 LR
611 3171 705 3215 oerum
723 3158 796 3229 quod
819 3160 862 3213 ed.
964 3165 979 3212 3
999 3162 1064 3229 post
1082 3158 1210 3227 opposcit

190 3246 266 3299 quae
285 3234 441 3299 sequuntur
458 3246 548 3313 usque
568 3231 605 3284 ad
624 3237 639 3284 5
658 3231 773 3301 pravius
791 3246 845 3284 om.
865 3230 923 3285 ed.:
953 3246 987 3283 er
1010 3230 1112 3299 quibus
1136 3244 1208 3297 quee

189 3302 272 3356 uncis
290 3300 394 3356 inclusi
412 3319 464 3371 per
482 3301 707 3371 dittographiam
725 3302 871 3371 irrepsisse
889 3303 978 3371 petet.
1080 3306 1096 3355 8
1115 3302 1209 3354 omuic

189 3374 232 3428 sic
249 3372 271 3426 L
289 3374 385 3428 munio
402 3374 485 3428 etsie
502 3374 528 3426 R
545 3380 571 3427 et
589 3373 642 3428 del.
662 3391 684 3426 r.
795 3378 826 3426 11
846 3374 978 3427 saeuitiae
996 3372 1021 3426 oi
1039 3372 1061 3425 L
1079 3373 1209 3427 saeuitiae

189 3445 239 3515 sss
259 3445 285 3497 R
307 3447 424 3499 saevitia
446 3452 521 3500 ectr
544 3444 587 3499 ed.
699 3450 731 3499 15
750 3450 775 3499 ct
792 3446 832 3499 sic
849 3461 898 3498 uec
917 3443 938 3496 L
961 3451 987 3498 et
1004 3445 1045 3499 sie
1062 3460 1096 3497 ue
1114 3444 1139 3495 R
1161 3458 1210 3507 uec

191 3533 245 3570 om
264 3516 308 3571 ed.
326 3521 329 3583 Ι
346 3517 533 3570 iuuoderotus
551 3516 603 3569 LR
621 3516 778 3571 ruedcrctue
796 3517 840 3571 ed.
942 3520 974 3567 17
994 3515 1111 3569 reticeat
1129 3513 1172 3569 ed.

193 3593 227 3641 18
241 3588 418 3656 persequitur
435 3587 479 3641 ed.
496 3592 500 3654 1
517 3589 635 3642 oculus
654 3587 707 3640 LR
725 3603 793 3640 corr.
813 3605 828 3641 r
846 3586 899 3641 ed.'
985 3590 1020 3639 11
1041 3592 1158 3652 eccepto
1173 3587 1222 3661 ere

190 3660 271 3780 m?
293 3657 482 3778 1111381111.
508 3660 557 3713 sui
582 3677 638 3715 uec.
663 3658 709 3716 ed.
821 3667 860 3717 ils
879 3659 1029 3716 recise-cutio
1042 3652 1107 3709 m
1128 3654 1244 3706 misere-

180 3746 235 3781 cor
251 3746 282 3779 ta
300 3744 317 3781 θ
337 3770 342 3779 ,
449 3775 454 3780 .
