2734 4159
578 341 763 399 AENEIDOS
781 342 821 398 IV
1147 343 1213 410 379

196 511 308 571 dictum
335 512 376 571 sit
403 513 440 571 de
462 511 573 571 Famae
601 511 786 586 defiuitione,
814 531 892 571 nunc
919 512 1074 573 redeamus
1102 514 1141 572 ad
1168 533 1213 574 re-

194 600 289 676 liqua,
318 619 395 675 quae
423 602 527 660 eadem
554 601 648 661 Fama
674 621 729 677 per
754 600 888 661 infinitos
920 603 1032 677 passim
1064 602 1213 678 loquendo

193 690 367 766 pertulerat.
407 693 546 764 protinas
574 692 614 750 ad
639 707 735 764 repam
764 707 869 750 ansas
896 691 1041 763 detorquet
1063 692 1266 753 Hiarbanrsc

192 778 375 851 incenditque
399 782 532 839 animum
559 781 644 839 dictis
672 783 757 852 atqne
784 769 906 853 apparat
930 781 1008 838 iras:
1044 780 1071 838 si
1097 782 1213 857 poetice

172 872 221 927 aet
248 869 296 926 ita
318 870 354 925 ut
375 871 509 944 positum
534 873 579 928 est
606 869 829 947 intellegamus,
856 870 1001 928 instruxit
1028 888 1096 927 eum
1119 871 1212 930 Fama

194 959 283 1032 atque
306 958 368 1015 iras
392 959 456 1017 eius
480 958 623 1035 agitavit:
646 960 802 1034 quaeritur
824 960 926 1016 utrum
949 976 1024 1034 quas
1043 958 1155 1018 fecerat
1174 979 1213 1018 an

193 1064 266 1121 quas
287 1045 368 1121 apud
386 1046 523 1106 Hiarban
541 1044 719 1106 invenerat?
754 1046 860 1105 melius
880 1050 926 1105 est
943 1046 1118 1124 intellegere
1138 1067 1212 1123 quas

192 1134 356 1211 invenerat,
376 1135 448 1210 quia
467 1135 542 1194 dixit
566 1139 740 1213 exaggerat:
763 1135 883 1194 facilius
907 1138 986 1194 enim
1009 1136 1157 1195 excitatur
1180 1137 1212 1195 in

192 1223 379 1282 iracundiam
411 1225 556 1284 maiorem
589 1226 641 1300 qui
672 1226 732 1283 iam
765 1225 858 1283 habet
885 1224 1018 1283 animum
1045 1244 1079 1283 ex
1108 1227 1213 1286 eadem

161 1328 282 1371 raoausa
311 1316 500 1373 commotum.
545 1313 676 1372 Hiarbas
704 1313 838 1390 quidem,
866 1316 918 1390 qui
946 1314 1004 1372 fuit
1029 1314 1060 1372 in
1085 1314 1211 1374 Didonis

192 1402 339 1476 petitione
363 1405 565 1479 contemptus,
589 1421 682 1478 eoque
705 1404 833 1461 maxime
857 1402 937 1478 quod
960 1403 1129 1481 alienigena
1152 1425 1211 1463 me-

191 1490 301 1551 ruisset
325 1492 405 1566 quod
427 1493 491 1568 ipse
514 1491 666 1567 inpetrare
690 1510 749 1550 non
767 1493 873 1564 valuit,
893 1492 998 1551 debuit
1017 1495 1114 1552 acrius
1133 1512 1211 1553 com-

191 1580 312 1639 moveri.
354 1582 381 1639 si
403 1584 488 1640 extra
510 1582 663 1656 poeticum
686 1583 801 1640 textum
824 1600 1002 1657 quaeramus
1024 1582 1211 1641 intellectum

191 1670 367 1746 simplicem,
385 1688 452 1728 cum
471 1670 601 1730 Hiarbas
620 1670 754 1729 audisset
771 1669 940 1729 minoribus
959 1673 1072 1746 sparsis
1087 1671 1210 1730 Aenean

155 1770 178 1811 15
192 1778 227 1816 ax
249 1759 423 1835 longinquis
446 1758 583 1835 partibus
606 1761 776 1819 venientem
799 1759 858 1819 sibi
880 1760 1016 1835 proximo
1036 1763 1074 1833 et,
1094 1764 1128 1819 ut
1146 1762 1209 1836 ipse

191 1847 403 1922 arbitrabatur,
417 1850 532 1923 potiori
549 1866 612 1908 esse
630 1849 808 1925 praelatum,
827 1849 1017 1908 vehementer
1035 1853 1134 1908 motus
1151 1853 1210 1909 est:

190 1936 223 1993 in
249 1937 297 1995 his
326 1937 406 1996 enim
432 1938 481 1997 vel
508 1939 637 1996 maxime
665 1940 763 1997 causis
790 1938 980 1997 intoleranda
1007 1938 1128 2014 repulsa
1156 1941 1210 2013 est,

192 2044 268 2100 quae
291 2028 363 2084 tunc
385 2028 483 2103 magis
506 2027 648 2100 sentitur,
674 2045 742 2085 eum
764 2027 937 2087 inferiorem
960 2031 1100 2103 putamus
1124 2027 1209 2087 nobis

191 2131 254 2172 esse
273 2114 450 2189 praelatum.
484 2117 598 2174 interea
618 2116 809 2175 ostendamus
828 2116 1017 2192 hyperbaton
1036 2116 1116 2191 quod
1135 2117 1210 2175 dixi-

138 2206 173 2251 20
191 2221 257 2261 mus
284 2204 411 2262 factum:
448 2204 647 2280 descriptione
676 2206 755 2263 euim
783 2204 893 2263 Ilamae
925 2208 997 2264 tunc
1023 2207 1123 2281 posita
1151 2226 1210 2264 una

191 2291 389 2367 descriptione
413 2292 523 2353 divisit.
561 2294 637 2353 hanc
660 2294 687 2353 si
710 2295 877 2370 subtrahas,
901 2293 958 2353 erit
980 2314 1041 2353 una
1063 2295 1209 2355 narratio:

191 2381 339 2457 extemplo
362 2381 476 2457 Libyae
499 2402 625 2461 magnas
647 2384 673 2441 it
696 2383 789 2441 Fama
811 2404 866 2459 per
888 2384 984 2459 urbis,
1012 2384 1210 2459 sequidebet

190 2471 327 2545 protinus
351 2470 390 2528 ad
411 2490 513 2549 regem
536 2491 655 2531 cursum
679 2471 837 2548 detorquet
859 2472 1003 2531 Hiarban.

257 2560 318 2617 Hic
331 2560 497 2620 Hannnone
515 2566 598 2620 satns
616 2564 706 2634 rapta
724 2560 938 2621 Garamantide
955 2564 1085 2637 npmpba
1103 2564 1210 2637 tempta

137 2647 173 2698 ²5
190 2648 257 2707 Ioai
280 2652 393 2707 centnm
416 2651 485 2709 latis
506 2652 643 2709 inmania
664 2652 771 2723 repnis,
791 2655 903 2709 centnm
924 2669 996 2710 aras
1010 2654 1111 2724 posnit
1129 2654 1263 2726 cipi-200

190 2736 300 2810 lampae
326 2742 497 2798 sacraverat
523 2742 632 2813 ipnern,
658 2740 795 2799 encnbias
822 2740 924 2798 dionm
951 2745 1098 2810 aeternas,
1121 2759 1211 2815 peen-

190 2827 316 2898 dnmqne
334 2844 437 2887 ernore
448 2830 562 2902 pinpne
580 2828 675 2887 solnm
695 2830 830 2887 sicariis
844 2831 980 2900 florentia
994 2831 1098 2889 limina
1111 2832 1210 2889 sertis:

262 3018 278 3066 3
297 3015 439 3069 Hiarbam
458 3016 501 3071 ed.
585 3017 679 3070 tiras
697 3015 751 3069 LPa
769 3018 840 3070 iram
861 3015 904 3068 ed.
991 3021 1007 3069 9
1026 3017 1083 3070 iana
1101 3016 1127 3069 Pa
1146 3034 1209 3071 cum

189 3088 295 3154 puncto
315 3086 367 3139 sub
386 3104 404 3140 a
422 3087 444 3139 L
464 3105 517 3140 om.
533 3088 576 3141 cd.
660 3092 694 3140 10
713 3088 761 3155 qni
779 3086 832 3139 LR
850 3086 999 3155 adquin?
1085 3092 1116 3140 11
1136 3090 1209 3157 qnod

187 3158 347 3227 alienipena
366 3157 392 3210 Pa
410 3159 592 3229 alienigenam
613 3159 716 3213 omisso
735 3156 848 3227 qnodL
868 3157 911 3211 ed.
1004 3162 1037 3210 13
1056 3159 1082 3212 si
1100 3157 1152 3211 LR
1169 3162 1209 3213 sic

189 3228 238 3281 edl
251 3229 297 3283 sin
312 3229 377 3283 edF.
434 3235 467 3282 16
482 3237 605 3284 mortens
619 3229 672 3283 th
690 3237 778 3285 motns
792 3247 806 3281 r
820 3229 863 3282 ed.
924 3233 1029 3281 19-20
1047 3230 1209 3297 biperbaton

187 3317 273 3368 qnam
291 3300 415 3355 diximus
432 3302 538 3367 factam
552 3300 604 3353 th
621 3301 666 3355 vel
685 3302 758 3370 qnod
775 3319 790 3353 r
807 3300 837 3353 in
856 3315 944 3368 marg.
959 3300 1022 3368 hyp.
1037 3301 1110 3369 qnod
1128 3301 1171 3354 ed.

188 3376 224 3424 20
238 3371 437 3426 discribsisseL
451 3373 625 3441 descripsisse
634 3373 659 3425 a
673 3374 881 3440 descriptionem
896 3371 939 3425 ed.
954 3371 1134 3439 descriptione
1148 3387 1207 3425 nos.

243 3447 348 3496 20-21
368 3450 435 3498 tnnc
445 3446 539 3511 posita
552 3461 612 3499 nna
626 3445 806 3511 descriptione
820 3442 872 3495 LR
891 3449 908 3495 t.
920 3444 1040 3510 positam
1059 3459 1086 3496 n.
1102 3443 1128 3495 d.
1149 3444 1207 3497 ed:

187 3520 255 3568 tnnc
269 3512 365 3583 positi
382 3532 441 3568 nna
460 3515 486 3569 d.
507 3516 658 3569 adversus
677 3529 762 3584 supra
782 3514 924 3568 aDonatc
943 3530 1000 3567 una
1019 3513 1209 3583 descriptione

188 3586 355 3648 coniunctos
369 3586 494 3656 respicit.
541 3592 574 3639 21
589 3588 752 3641 narratione
761 3585 821 3651 th,
832 3586 882 3639 sed
891 3587 1018 3640 narratio
1029 3585 1165 3655 cumipse
1174 3586 1207 3639 a.

243 3662 277 3710 22
297 3660 417 3726 eaemplo
436 3656 496 3710 LR.
527 3661 530 3725 Ι
563 3661 628 3727 post
646 3675 699 3726 per
716 3659 794 3712 nrbis
812 3657 907 3711 nescio
927 3673 964 3710 an
983 3663 1008 3711 et
1025 3664 1115 3711 cetera
1136 3657 1214 3716 auai-

189 3727 269 3781 derit
343 3734 378 3781 27
395 3745 492 3783 eruore
508 3728 534 3781 a
552 3747 677 3786 eramen
696 3729 719 3784 L
739 3729 795 3798 cd,
814 3729 869 3785 scd
886 3747 986 3785 cruore
1005 3727 1185 3798 aspiranum.
