2734 4159
212 342 278 407 562
494 339 633 395 ΒΟΝΑΤΙ
650 339 821 395 INTERPR.
840 338 948 394 Vana.

212 509 380 571 veniebant.
417 510 575 569 deturbare
590 512 636 569 est
648 509 812 569 terroribus
830 508 998 585 propellere
1017 525 1052 567 ac
1069 523 1238 568 removere.

213 602 350 673 iaaataae
371 603 466 674 saras:
488 602 670 674 oportunum
693 598 829 659 ascensui
846 597 1002 676 navigium
1020 597 1103 657 facit.
1146 598 1239 656 simut

213 690 319 763 accipit
340 688 422 749 abaco
443 690 587 762 imperatam
604 686 742 747 Aeaeam:
766 690 819 747 aut
840 706 947 749 revera
966 687 1130 765 ingentem,
1155 686 1237 762 qnod

213 796 322 857 magno
350 779 429 838 esset
455 796 591 852 corpore,
623 779 677 836 aut
704 777 855 855 ingentem
883 778 1008 852 propter
1034 777 1237 852 capacitatem

213 869 312 942 navis,
335 886 412 942 qnae
435 866 494 925 fuit
517 868 637 944 exigue,
664 867 697 924 in
724 868 845 926 tantum
866 866 902 924 nt
928 866 1006 924 hanc
1033 884 1094 925 non
1117 884 1236 941 navem,
1261 887 1272 928 s

213 956 265 1016 sed
297 956 415 1016 alveum
447 956 572 1028 dixerit,
604 957 710 1031 utpote
740 973 816 1030 quae
845 954 959 1013 umbris
988 954 1144 1029 inanibus,
1173 973 1237 1013 non

213 1047 291 1106 vivis
320 1044 492 1120 corporibus
516 1044 616 1104 fuerat
638 1046 828 1120 praeparate.
877 1044 1004 1119 denique
1028 1046 1166 1104 secutum
1190 1046 1238 1102 est

211 1135 323 1209 pemait
343 1135 398 1193 aab
416 1133 548 1208 pandere
566 1134 670 1192 cumba
692 1134 790 1192 satias
812 1137 839 1192 et
855 1133 979 1192 maltam
996 1134 1106 1205 accepit
1122 1134 1237 1191 rmmsa

208 1224 359 1297 patariam.
410 1240 512 1298 pressa
545 1221 655 1299 quippe
686 1221 809 1281 insolito
841 1221 972 1297 pondere
999 1223 1029 1281 et
1060 1222 1178 1299 gemuit
1206 1224 1237 1280 et

159 1319 214 1368 415
224 1332 279 1388 per
300 1314 392 1370 rimas
415 1312 529 1387 recepit
550 1311 670 1388 paludis
693 1312 807 1372 limum.
853 1311 970 1371 tamdem
997 1314 1081 1370 trans
1106 1312 1236 1384 flamma
1251 1334 1279 1374 ro

213 1402 370 1462 amatamis
396 1404 547 1473 vatemque
572 1403 726 1473 airmaqaa
752 1402 876 1474 informi
902 1400 971 1459 lirae
995 1400 1161 1473 ptamaqae
1190 1417 1237 1459 aa

209 1492 297 1564 partit
317 1492 350 1549 ia
372 1490 459 1549 aloa:
488 1489 610 1548 tandem
633 1489 713 1565 qnod
736 1490 793 1564 ait,
818 1491 870 1547 aut
892 1508 977 1548 mora
999 1489 1059 1546 fuit
1081 1489 1113 1547 in
1135 1490 1238 1548 trans·

214 1581 358 1653 vectione,
381 1579 454 1654 qnia
476 1578 561 1637 navis
584 1579 666 1638 ultra
689 1578 812 1637 solitum
834 1597 948 1638 morem
971 1580 1094 1637 onerata
1117 1577 1238 1638 tardius

215 1667 414 1744 pervenitad
441 1668 614 1727 ulteriorem
641 1669 754 1743 ripam,
784 1670 839 1727 aut
865 1670 989 1743 propter
1011 1666 1148 1742 Aenean,
1182 1669 1239 1743 qui

214 1757 398 1833 properabat
421 1757 459 1816 ad
481 1760 607 1833 patrem.
1253 1781 1282 1823 μ,

285 1846 427 1906 Cerberus
453 1847 523 1906 aaa
549 1848 653 1919 mperes
681 1847 792 1905 iatrata
823 1863 914 1920 repam
945 1846 1067 1919 trifauci
1093 1851 1242 1919 permar

215 1937 338 1995 aaaersa
361 1937 504 1996 recubam
526 1936 657 1994 iamaais
679 1937 714 1993 m
735 1938 830 1995 aatra.
876 1937 923 1995 cai
945 1939 1026 1994 aates
1052 1935 1173 1995 horrere
1194 1938 1242 1995 ai»

162 2032 216 2080 420
226 2026 298 2085 ame
319 2028 381 2086 iam
404 2025 479 2085 cotta
496 2026 623 2084 calabris
640 2025 724 2083 melle
740 2028 908 2098 soporatam
927 2028 954 2083 et
972 2023 1124 2084 medicatis
1141 2024 1242 2099 trapi·

216 2116 271 2174 bas
289 2118 379 2190 offam
397 2116 495 2175 abicit:
514 2133 579 2173 cum
594 2114 709 2172 latratu
723 2114 815 2171 trium
828 2113 962 2172 faucium
979 2114 1075 2172 omnis
1090 2110 1240 2173 Cerberus

215 2204 379 2264 inferorum
397 2206 534 2280 regiones
553 2203 690 2278 inpleret,
709 2202 834 2261 latranti
854 2202 943 2262 offam
963 2201 1080 2277 Sibylla
1097 2204 1240 2278 proiecit,
1254 2226 1279 2266 ee

216 2312 271 2351 nee
293 2294 370 2352 hanc
393 2293 569 2368 simplicem,
592 2292 644 2351 sed
666 2292 855 2364 medicatam,
878 2293 934 2351 hoc
958 2294 1002 2350 est
1025 2291 1152 2351 diversis
1171 2310 1238 2367 spe·

217 2381 316 2440 ciebus
347 2385 377 2439 et
407 2384 471 2439 arte
504 2381 677 2440 confectam.
733 2381 782 2439 hic
813 2384 903 2456 poeta
935 2380 994 2437 mel
1026 2382 1239 2441 tenmmmodo

217 2470 388 2545 specialiter
410 2471 520 2545 posuit,
543 2470 661 2545 reliqua
684 2471 781 2529 noluit
805 2469 933 2545 aperire,
957 2488 994 2527 ne
1018 2469 1055 2528 ad
1079 2470 1238 2529 conficien-

217 2558 287 2616 dam
314 2559 443 2633 speeiem
469 2558 597 2635 legentis
624 2561 795 2618 instrueret.
847 2559 895 2617 ille
926 2562 1005 2633 sama
1036 2558 1146 2618 rabida
1177 2561 1238 2619 tria

214 2652 336 2720 pattara
353 2648 492 2721 paraticas
514 2650 635 2721 corripit
657 2649 795 2708 obiectam
818 2652 903 2722 atpae
924 2650 1061 2706 iamaaia
1087 2652 1169 2721 torpa
1193 2668 1238 2709 re·
1251 2671 1279 2711 es

217 2736 302 2795 satait
331 2739 419 2810 famae
450 2736 531 2794 hami
561 2741 672 2809 totaque
706 2740 808 2812 iapms
843 2738 1004 2795 amomaitar
1036 2741 1137 2796 aratro:
1169 2756 1237 2798 ecce

218 2828 363 2901 quantum
392 2826 494 2900 potuit
523 2827 568 2883 vis
604 2825 680 2885 offae
710 2828 917 2885 transvoratae
947 2824 1082 2904 ingluvie
1111 2826 1238 2901 triplici,

219 2933 294 2990 quae
322 2916 365 2974 sic
392 2934 459 2972 eum
487 2915 610 2989 pressit,
642 2917 678 2972 ut
709 2917 821 2974 iaceret
852 2934 906 2991 pro
937 2918 1064 2973 mortno.
1115 2922 1239 2991 occupat

162 3010 217 3058 426
228 3002 344 3062 Aeaeae
372 3004 485 3062 aditam
513 3004 627 3061 rastede
653 3005 765 3076 sepaltc
798 3006 947 3077 evaditque
974 3006 1047 3064 ceter
1069 3007 1169 3077 ripam
1192 3008 1238 3064 ia·

217 3093 382 3152 remeabitis
416 3092 528 3150 anetae:
565 3091 791 3152 inremeabilem
812 3095 932 3169 proprie
960 3095 1062 3169 posuit
1092 3097 1124 3152 et
1152 3114 1239 3171 vere;
1254 3118 1282 3157 m

217 3200 289 3240 nam
311 3181 435 3240 Aenean
461 3183 561 3257 ipsum
588 3180 708 3256 scripsit
737 3182 796 3240 alio
826 3201 945 3260 egressu
972 3182 1033 3240 luci
1061 3186 1091 3240 et
1119 3185 1239 3258 superis

217 3270 375 3331 redditum.
418 3271 543 3328 celerem
567 3269 643 3327 dixit
661 3270 783 3329 Aenean
802 3274 945 3330 transisse
968 3273 1085 3346 sepulto
1104 3274 1239 3350 custode,

291 3446 304 3492 1
321 3456 424 3495 movere
437 3440 480 3493 ea
534 3445 550 3492 2
569 3440 696 3493 aseeaaai
710 3439 735 3492 V
749 3456 889 3494 ascraeum
904 3441 942 3495 ad
956 3441 999 3496 ed.
1054 3447 1070 3495 3
1085 3444 1190 3511 accepit
1203 3442 1239 3497 V.

291 3515 306 3564 't
324 3512 419 3577 sacrat
432 3517 604 3580 praeparata
622 3509 648 3563 V
663 3527 706 3577 pr.
723 3518 789 3566 esset
806 3512 849 3565 ed.
906 3517 922 3566 8
940 3514 1049 3567 subtilis
1067 3512 1101 3566 V.
1158 3519 1174 3567 9
1194 3515 1239 3567 ia-

217 3583 306 3637 saiida
323 3582 356 3636 V.
373 3586 378 3650 Ι
399 3589 423 3636 ct
440 3585 543 3653 pemait
559 3581 585 3635 V
603 3583 705 3652 pemait
723 3581 765 3635 ed.
840 3588 871 3635 21
892 3584 938 3637 eod
956 3585 1120 3638 medicatam
1138 3585 1164 3638 V
1183 3603 1239 3640 am.

219 3654 245 3707 H
264 3654 313 3708 eal
330 3655 378 3708 aad
395 3655 537 3709 eradicatis
554 3653 684 3723 srapibae
702 3660 727 3706 et
744 3655 820 3708 mette
843 3654 908 3707 edl'.
1000 3659 1033 3707 27
1053 3657 1095 3710 aie
1112 3673 1194 3725 saepe
1212 3657 1242 3708 V

210 3728 256 3783 ora
273 3728 348 3796 offae
366 3726 409 3782 ed.
484 3730 517 3781 30
537 3723 737 3779 immeabilem
754 3724 780 3777 V
798 3724 834 3778 -la
852 3725 896 3777 ed.
