2734 4159
590 360 774 417 AENEIDOS
791 362 831 416 IV
1157 362 1223 428 373

207 533 346 591 inventus
365 531 482 607 estqui
500 531 618 592 Aeneae
637 533 796 591 meruisset
815 533 946 607 aequari.
977 531 1105 591 iucunde
1123 535 1224 592 tamen

206 622 362 679 inventum
392 624 426 679 ut
453 621 524 679 huic
551 640 612 680 non
635 621 741 694 alium,
770 620 821 681 sed
843 621 1014 696 Apollinem
1038 626 1225 697 conpararet,

207 712 279 785 qnia
296 708 414 769 Dianae
433 709 660 769 similitudinem
678 709 810 785 dederat,
825 728 892 768 cum
910 709 1058 769 Didonem
1076 712 1108 768 in
1126 712 1225 787 primo

205 798 283 860 libro
311 798 491 858 describeret
516 799 734 876 procedentem.
775 804 933 873 postquam
957 799 1032 858 altos
1053 804 1170 859 sermm
1192 802 1225 859 in

178 890 312 947 smerdis
339 893 425 961 atque
450 890 535 947 incia
561 890 670 957 lustra,
699 905 760 948 ecee
782 891 863 963 ferae
886 891 953 947 saei
975 888 1100 948 deiectae
1121 891 1226 948 vertice

205 994 315 1051 caprae
346 979 498 1036 denarrare
528 979 620 1051 iupis:
660 979 756 1053 ferae,
788 979 902 1052 inquit,
936 995 1057 1053 caprae,
1091 977 1147 1036 hoc
1179 980 1226 1037 est

205 1069 348 1145 agrestes,
363 1085 437 1142 quas
456 1084 579 1142 capreas
597 1066 732 1125 dicimus.
768 1069 942 1126 mansuetae
961 1068 1031 1125 sunt
1050 1068 1128 1124 enim
1148 1084 1225 1143 quae

206 1158 279 1214 sunt
304 1156 338 1213 in
365 1155 506 1233 gregibus
533 1156 644 1215 nostris
672 1159 704 1215 et
730 1175 807 1231 quae
830 1173 889 1215 non
912 1158 1048 1214 metuant
1070 1155 1225 1214 hominum

207 1245 409 1320 conspectum,
432 1247 566 1323 agrestes
589 1263 660 1305 vero
683 1245 821 1319 timidae,
844 1245 925 1303 leves
948 1244 987 1303 ad
1009 1262 1141 1322 cursum,
1165 1264 1224 1321 quo

164 1333 299 1393 1ofiebat
325 1336 361 1392 ut
387 1333 451 1393 saxi
479 1333 515 1392 de
543 1336 654 1393 vertice
683 1338 713 1392 et
736 1334 815 1413 iugis
837 1334 1116 1410 praecipitarentur.
1162 1335 1226 1393 otia

206 1424 242 1481 de
268 1426 357 1496 parte
382 1426 513 1496 potent-is
544 1425 744 1482 transmittunt
776 1440 864 1482 cursa
891 1440 1024 1497 compos:
1058 1422 1144 1482 varia
1176 1423 1225 1482 de·

207 1513 332 1587 scriptio
360 1515 391 1571 et
418 1532 453 1570 ex
481 1512 655 1571 diversitate
683 1515 817 1589 copiosa,
845 1515 881 1570 ut
908 1513 986 1571 aliae
1013 1513 1050 1570 de
1072 1510 1224 1572 montibus

207 1604 368 1679 agerentur
394 1601 572 1676 praecipites
599 1601 823 1678 insequentium
854 1603 951 1675 metu,
984 1602 1061 1660 aliae
1094 1602 1225 1679 exagita-

206 1693 311 1748 rentur
336 1692 369 1747 in
397 1691 518 1765 campis.
564 1695 648 1764 atque
676 1693 798 1765 agmina
820 1693 896 1751 acroi
913 1692 1121 1764 pulverulenta
1142 1694 1216 1765 supa
1227 1696 1278 1745 155

160 1798 194 1839 15
205 1780 369 1852 atomorum
389 1781 551 1855 mentuque
573 1781 756 1853 relinquant:
778 1799 839 1839 non
862 1780 983 1858 agmina
1006 1781 1225 1855 pulverulenta,

208 1868 258 1926 sed
281 1868 364 1946 fuga.
402 1868 553 1929 ordinatio
577 1872 657 1928 enim
675 1869 718 1928 sic
737 1873 794 1928 est:
818 1871 940 1947 agmina
959 1869 1128 1948 glomerant
1145 1869 1226 1929 cervi

207 1958 281 2035 fuga
302 1957 525 2032 pulverulenta:
549 1962 702 2017 currentes
720 1960 832 2035 quippe
849 1959 1056 2037 fugientesque
1074 1977 1129 2034 per
1147 1977 1225 2018 cam-

207 2064 261 2121 pos
289 2046 461 2105 excitabant
488 2049 549 2106 suis
574 2049 696 2126 ungulis
719 2048 881 2123 pulverem.
928 2052 960 2106 ot
975 2066 1053 2121 puer
1075 2047 1226 2107 Ascanius

208 2136 311 2193 taediis
333 2138 365 2193 in
388 2137 516 2195 collibus
538 2139 601 2195 ocri
621 2138 731 2211 poudet
752 2154 823 2210 equo
845 2139 962 2211 iamque
983 2138 1036 2196 hos
1058 2154 1147 2196 cursu
1164 2139 1225 2197 iam

155 2236 196 2284 eo
203 2227 346 2297 praeterit
363 2225 429 2283 illos
447 2231 686 2300 spumantemaae
708 2228 777 2285 dari
794 2243 904 2299 pecora
926 2229 1002 2285 inter
1024 2228 1131 2286 inertia
1153 2228 1226 2285 uotis

207 2318 287 2386 optat
305 2331 412 2385 aprum
430 2319 483 2373 aut
499 2315 616 2387 futuam
634 2316 804 2374 descendere
821 2320 916 2374 monte
934 2316 1057 2373 leonem:
1076 2315 1225 2375 Ascanius

208 2421 325 2477 quoque
353 2421 407 2477 pro
436 2406 535 2462 aetate
563 2405 712 2463 laudatur.
759 2423 830 2463 nam
858 2403 949 2463 etiam
977 2423 1012 2464 ea
1041 2423 1116 2479 quae
1145 2405 1225 2463 levia

207 2492 370 2551 maioribus
394 2496 468 2551 natu
491 2493 631 2553 videntur
652 2494 816 2552 laudantur
837 2493 870 2551 in
892 2496 1006 2569 pueris3
1028 2495 1061 2551 in
1078 2494 1126 2552 his
1145 2493 1225 2551 enim

207 2581 304 2640 futuri
326 2583 470 2656 temporis
494 2600 561 2657 spes
583 2584 786 2658 praesentium
808 2583 958 2642 factonim
976 2584 1147 2641 coniectura
1165 2584 1224 2641 col·

155 2681 195 2730 25
208 2670 322 2748 ligitur.
352 2670 404 2729 ille
418 2672 512 2746 igitur
527 2672 606 2747 quod
619 2691 748 2748 magnae
762 2672 931 2730 velocitatis
946 2690 1055 2747 equum
1072 2672 1226 2730 habuisset

208 2758 395 2818 discurrebat
413 2760 555 2836 gaudens,
574 2762 653 2838 quod
673 2779 761 2821 cursu
780 2778 857 2819 nunc
876 2760 930 2819 hos
948 2780 1027 2820 nunc
1046 2762 1121 2820 alios
1139 2779 1226 2836 prae-

206 2850 325 2921 teriret,
355 2866 411 2906 nec
438 2848 563 2927 dignum
590 2850 697 2909 habuit
723 2851 802 2909 feras
831 2852 861 2908 et
887 2852 998 2909 inertia
1024 2868 1133 2925 pecora
1158 2869 1225 2926 per-

206 2937 349 2995 tinaciter
385 2940 482 3013 sequi,
519 2939 571 2998 sed
608 2939 733 3015 optabat
767 2958 919 2999 occurrere
951 2940 1013 2998 suis
1045 2938 1225 2997 discursibus

208 3027 325 3085 leonem
348 3030 403 3084 aut
426 3046 540 3102 aprum.
586 3029 789 3104 praetermisit
811 3031 901 3104 poeta
925 3027 1010 3087 datos
1038 3046 1130 3103 equos
1153 3028 1225 3085 Tro-

158 3129 195 3175 ao
207 3118 285 3173 ianis
303 3115 341 3173 ad
360 3117 537 3187 venandum,
553 3120 695 3193 quoniam
714 3119 851 3193 proprios
870 3136 930 3175 non
947 3115 1107 3189 habebant,
1120 3118 1226 3191 utpote

208 3207 260 3279 qui
288 3224 306 3262 a
334 3206 460 3264 navibus
493 3210 648 3281 venerant3
687 3227 725 3265 an
753 3208 834 3281 ideo,
866 3207 938 3283 quia
965 3205 996 3263 in
1026 3205 1115 3264 tertio
1147 3205 1225 3263 libro

280 3393 411 3448 bdeiecti
429 3393 459 3445 L.
533 3400 693 3449 8metuuat
711 3394 754 3448 ed.
829 3398 1008 3463 9conspeeta
1025 3393 1054 3446 L.
1081 3396 1085 3462 Ι
1112 3394 1226 3448 timidae

208 3464 260 3516 LR·
278 3471 295 3519 t.
316 3473 341 3519 et
359 3465 402 3519 ed.
478 3471 583 3518 15-16
601 3483 658 3519 ααα
676 3469 791 3536 agmina
806 3467 1000 3535 pulverulenta
1018 3465 1065 3519 sed
1085 3465 1156 3535 faga
1173 3463 1226 3517 th

208 3554 235 3588 α.
254 3536 325 3606 supa
343 3554 372 3605 p.
393 3536 440 3590 sed
463 3538 577 3606 cymino
600 3537 643 3589 ed.
756 3542 787 3589 17
807 3539 1002 3606 pulverulenta
1025 3539 1090 3605 post
1113 3537 1226 3607 agmina

209 3610 346 3676 transpos.
372 3608 414 3662 ed.
525 3613 558 3661 19
581 3610 645 3678 apri
666 3608 726 3662 LR.
837 3613 871 3663 25
894 3609 940 3663 ille
962 3610 1050 3679 igitur
1076 3626 1130 3663 om.
1150 3608 1193 3662 ed.
1220 3610 1228 3677 t

208 3679 346 3733 habuisset
363 3678 416 3731 LR
434 3680 458 3732 b.
479 3684 503 3732 et
521 3679 564 3733 ed.
584 3696 602 3733 a
619 3679 743 3751 gaudeus
761 3680 879 3750 pendet.
969 3684 1008 3734 ‘rb
1026 3696 1107 3733 aune
1125 3677 1253 3732 otios&

208 3766 283 3802 nune
298 3766 349 3801 om.
364 3749 388 3800 L
406 3768 432 3803 α.
449 3751 511 3804 illos
530 3751 572 3805 ed.
