2734 4159
502 1044 813 1113 PRAEFATIO.

238 1316 351 1376 'liberii
383 1316 503 1377 Claudii
535 1318 647 1379 Donati
680 1320 942 1395 interpretationes
974 1319 1166 1397 Vergilianas

148 1406 277 1466 edendas
299 1409 424 1483 suscepi,
447 1425 508 1466 non
531 1407 610 1483 quod
633 1410 665 1466 in
688 1408 803 1468 deliciis
826 1408 967 1469 haberem
989 1411 1165 1486 scriptorem

147 1496 242 1555 taedii
263 1496 478 1572 plenissimum,
502 1496 554 1555 sed
576 1499 648 1573 qnia
671 1496 710 1555 ad
733 1497 940 1574 complendum
968 1502 998 1558 et
1025 1501 1164 1575 antiquo·

147 1605 215 1643 rum
232 1583 359 1663 Vergilii
381 1587 580 1661 interpretum
600 1605 760 1645 numerum
779 1590 809 1645 et
826 1587 963 1647 lectionis
981 1590 1014 1646 in
1032 1588 1164 1648 Aeneide

148 1677 327 1750 apparatum
345 1677 414 1749 post
432 1674 672 1735 doctissimorum
691 1676 823 1735 virorum
837 1676 972 1735 'Philonis
990 1679 1020 1735 et
1034 1677 1166 1757 Hagenii

147 1781 233 1822 curas
251 1762 307 1823 hoc
325 1763 422 1822 solum
440 1763 539 1824 deesse
558 1764 724 1824 videbatur.
759 1784 798 1823 en
816 1784 886 1824 vero
906 1765 1052 1841 Donatus,
1071 1785 1163 1842 qnon-

86 1925 91 1938 ·
146 1852 208 1912 iam
235 1851 393 1912 verborum
420 1854 516 1931 magis
544 1872 635 1930 quam
656 1872 756 1912 rerum
777 1856 925 1929 interpres
948 1854 1020 1929 fuit,
1047 1873 1165 1931 semper

145 1943 178 2000 in
201 1940 332 2000 editione
353 1942 464 2001 vitiosa
487 1945 518 2002 et
538 1942 665 2001 inhabili
689 1941 862 2003 delitescet?
908 1945 1046 2002 struis
1072 1944 1162 2003 lectio

145 2029 322 2107 VergDiana
349 2050 365 2089 e
394 2030 497 2090 Servio
525 2034 556 2090 et
582 2034 688 2091 ceteris
716 2034 919 2110 grammaticis
947 2050 1065 2091 summa
1095 2032 1162 2091 dili-

145 2118 248 2198 gentia
280 2120 463 2198 investigata
494 2125 612 2196 praesto
645 2122 716 2194 erit,
748 2120 897 2194 Donatus,
930 2123 983 2197 qui
1012 2121 1162 2182 Aeneidos

145 2227 248 2268 vereris
274 2211 394 2267 tantum
420 2228 480 2268 non
507 2228 608 2269 omnes
635 2212 668 2268 in
696 2212 924 2270 commentarios
950 2229 1018 2270 snos
1040 2213 1162 2288 recepit,

145 2298 249 2373 quales
277 2316 327 2357 eos
354 2298 463 2376 legerit
486 2317 649 2374 numquam
671 2300 703 2356 in
726 2299 822 2357 lucem
845 2297 1033 2374 proferetur?
1078 2300 1160 2376 equi-

145 2385 226 2460 dem,
254 2404 321 2445 eum
348 2405 450 2447 omnes
477 2388 636 2463 scriptores
666 2390 780 2446 veteres
809 2388 861 2463 qui
888 2390 1068 2449 vetustatem
1096 2408 1162 2465 per·

144 2476 292 2550 tulerunt,
320 2478 350 2535 et
378 2477 508 2553 optimos
535 2479 566 2535 et
592 2476 767 2552 deteriores,
795 2476 894 2555 dignis
917 2479 1019 2536 nostro
1043 2478 1161 2537 saeculo

144 2564 324 2625 editionibus
351 2566 508 2643 invulgare
534 2567 766 2641 instituerimus,
800 2585 858 2641 quo
887 2566 920 2626 id
949 2568 1013 2625 iure
1041 2565 1161 2640 Donato

144 2652 309 2733 abnegetur
330 2672 391 2713 non
412 2654 563 2732 intellego.
608 2655 695 2713 nulla
718 2657 776 2714 erit
798 2674 852 2715 nec
874 2654 910 2714 dc
933 2655 1028 2731 ipsius
1053 2657 1161 2715 merito

142 2746 223 2802 recte
249 2742 403 2802 iudicandi
430 2745 517 2820 copia
544 2762 598 2803 nec
625 2745 678 2819 qui
706 2763 741 2802 er
773 2763 808 2804 ec
840 2744 878 2803 ad
907 2748 1044 2803 nostrum
1073 2763 1161 2803 nsum

142 2832 259 2890 fructus
282 2832 396 2908 percipi
419 2834 516 2908 possit
539 2832 727 2907 aestimandi,
745 2835 804 2893 nisi
829 2833 901 2908 quid
920 2852 988 2891 vere
1007 2834 1161 2910 scripserit

141 2922 296 2999 cognitum
323 2920 522 2981 habuerimus.
567 2942 638 2981 nam
665 2922 803 2980 inutilem
830 2921 917 2980 hodie
945 2925 976 2980 et
1000 2922 1160 3001 neglegen-

88 3053 96 3078 .,,
140 3009 214 3069 dum
240 3008 394 3070 Donatum
426 3028 488 3069 esse
521 3030 624 3070 vereor
655 3029 692 3069 ne
721 3009 830 3069 idcirco
859 3010 1008 3069 affirmare
1036 3011 1160 3087 soleant,

87 3101 93 3172 ξ
141 3098 222 3175 quod
240 3097 393 3158 doetrinae
412 3099 532 3177 plenam
550 3100 828 3174 interpretationem
847 3099 1025 3173 desiderant,
1040 3097 1159 3176 qualem

87 3173 103 3306 ξ.-
139 3206 331 3264 nequaquam
354 3206 421 3247 eum
445 3191 579 3247 secutum
602 3206 664 3247 esse
687 3190 748 3247 iam
771 3208 831 3248 van
854 3188 906 3247 der
928 3180 1088 3270 Hoeven¹)'
1110 3189 1158 3247 de·

87 3319 93 3340 r
133 3279 328 3342 ,monstravit
374 3281 504 3336 ceterum
536 3295 573 3335 ne
605 3277 742 3337 doctrina
774 3277 895 3354 quidem
924 3276 1036 3336 Donati
1068 3278 1159 3337 inter-

87 3359 104 3446 is
138 3365 323 3443 pretationes
351 3368 471 3425 omnino
499 3369 602 3424 carent
628 3366 719 3443 idque
747 3369 811 3442 ipse
835 3368 948 3425 truncis
971 3366 1069 3425 verbis
1093 3366 1158 3442 qui-

87 3443 118 3520 Ῐ·,
138 3454 196 3515 bus
224 3454 358 3533 epilogus
384 3474 463 3515 nunc
490 3456 669 3513 terminetur
697 3474 841 3533 exponere
869 3457 999 3533 coepisse
1031 3455 1156 3515 videtur.

98 3703 109 3732 ,
133 3623 137 3630 ¹
211 3644 239 3708 1)
254 3657 304 3694 r'1¹11
314 3642 486 3700 derHoeren
501 3644 629 3717 epistola
643 3645 684 3703 ad
693 3642 1194 3722 Smingar'rumnemaruaeisus.

938 3738 976 3794 Q·

527 3800 847 3921 167435

1151 3943 1275 3973 A
