2734 4159
584 327 767 384 AENEIDOS
785 328 811 384 V
1142 328 1209 393 505

188 497 420 560 necessitatibus
443 500 514 559 suis.
554 500 629 559 haee
651 516 723 577 ergo
742 498 835 557 dabat
854 516 997 574 responsa
1020 517 1096 574 quae
1115 497 1209 557 dieta·

189 587 244 646 bat
274 586 467 647 adversorum
499 588 593 647 ratio:
624 587 670 647 oei
701 605 777 661 quoe
803 587 989 661 portenderet
1019 590 1068 647 tro
1098 605 1209 661 moeno

189 677 278 736 dam
305 677 350 736 ael
372 693 447 749 qaae
473 677 604 749 futorum
621 671 754 751 posceret
780 678 867 748 ordo;
904 675 1017 735 sciebat
1045 675 1124 735 enim
1147 677 1209 736 alia

189 764 283 843 sequi¹
298 784 542 842 unumquemque
570 785 630 825 non
658 765 778 839 debere,
806 785 843 825 ne
871 765 1099 825 adversantibus
1127 766 1209 840 fatis,

165 854 263 915 edum
290 854 411 929 nititur,
439 857 603 931 superatum.
653 865 808 931 speramus
841 873 912 932 ergo
943 855 1036 914 istum
1068 853 1209 913 daturum

190 946 296 1003 eontra
319 961 404 1003 casm
427 943 592 1004 remedium
614 946 647 1003 et
664 946 838 1004 seeuturum
855 943 988 1003 fatorum
1006 958 1134 1017 aureum,
1157 946 1209 1019 qui

187 1033 284 1092 aliam
305 1033 339 1091 in
360 1034 479 1109 partem
506 1035 639 1109 perverti
665 1052 726 1093 non
752 1035 861 1109 potest.
907 1036 989 1105 teque
1017 1034 1063 1093 his
1085 1031 1209 1093 Aenean

188 1123 302 1182 solatae
327 1123 446 1182 evadas
472 1124 555 1195 infit:
583 1141 702 1182 neeesse
730 1124 810 1182 enim
839 1123 939 1181 fuerat
967 1122 1049 1182 refici
1077 1123 1209 1182 consola·

188 1209 323 1271 tionibus
338 1213 535 1285 aestuantem,
558 1214 593 1270 ut
607 1210 711 1270 audire
730 1210 894 1270 remedium
913 1214 1022 1287 posset.
1057 1211 1127 1271 note
1145 1212 1208 1279 dea,

149 1321 176 1362 ro
189 1317 247 1374 que
278 1302 345 1373 fato
376 1301 497 1359 trahant
526 1302 735 1374 retrutwntqae
764 1318 954 1375 εαῑααοηανε-
970 1300 1109 1375 quaeqae
1138 1303 1266 1370 eritne

188 1388 363 1463 wpoonda
386 1392 481 1449 orans
502 1392 625 1465 fortene
642 1392 762 1464 fereda
781 1395 836 1449 est:
859 1389 933 1448 duas
952 1390 1116 1450 sententias
1135 1389 1211 1449 dixit

191 1498 270 1554 quae
300 1481 385 1537 aetus
414 1477 571 1538 hominum
599 1482 737 1553 teneant,
769 1497 845 1555 quas
871 1480 932 1539 nisi
960 1481 1028 1555 quis
1059 1482 1210 1554 sequatur,

190 1567 307 1627 ambit
322 1586 439 1645 semper
452 1586 507 1627 neo
521 1568 630 1646 agendi
642 1569 794 1627 rationem
808 1586 898 1644 quam
913 1568 1066 1628 commode
1081 1568 1209 1645 amplae·

190 1660 276 1716 tatur
298 1658 439 1715 inveniet.
484 1657 542 1716 hae
565 1675 749 1734 quamquam
772 1658 811 1716 ad
833 1657 953 1717 Aeneae
976 1676 1097 1717 oausam
1119 1659 1211 1733 perti·

151 1766 176 1808 re
191 1765 263 1805 nere
285 1745 459 1821 videantur,
487 1748 588 1806 tamen
611 1746 780 1823 sequendae
803 1749 874 1806 sunt
896 1747 1034 1806 omnibus
1062 1765 1136 1823 quos
1160 1746 1210 1805 ad-

190 1852 280 1893 versa
301 1835 524 1912 percusserint·
559 1836 679 1913 agimur
705 1835 786 1895 enim
812 1837 885 1895 fatis
913 1838 944 1895 et
971 1855 1072 1896 sumus
1099 1836 1210 1896 ideireo

191 1925 309 1983 alienae
332 1926 478 2000 potestati
505 1924 645 1985 subiecti:
672 1924 798 2001 proinde
826 1924 911 2001 sequi
937 1943 1056 1984 neeesse
1083 1928 1129 1985 est
1152 1945 1211 2002 quo

192 2032 341 2090 quemque
363 2014 429 2073 fata
451 2014 665 2089 pertraxerint,
689 2013 934 2073 eonsentiendum
960 2033 1092 2090 rursum,
1120 2014 1145 2073 si
1173 2013 1211 2073 ab

191 2121 227 2162 eo
246 2102 427 2162 retraxerint
445 2121 504 2179 quo
522 2104 621 2178 primo
640 2103 848 2179 perduxerant.
881 2102 954 2179 quid
973 2103 1053 2162 enim
1071 2104 1210 2180 prodesse

148 2214 176 2253 so
190 2193 319 2269 poterit,
349 2193 375 2251 si
398 2192 540 2251 adversus
563 2211 599 2251 ea
621 2191 776 2252 oboriatur
798 2193 958 2252 reluctatio
985 2212 1062 2269 quae
1089 2192 1213 2253 nitendo

191 2282 332 2358 superari
353 2298 414 2341 non
436 2280 583 2358 possunt?
611 2281 686 2340 bene
709 2281 810 2358 posuit
837 2281 963 2340 trahunt
990 2284 1020 2340 et
1043 2301 1210 2358 sequamur.

190 2372 246 2447 qni
269 2370 350 2429 enim
364 2373 538 2446 sequentem
550 2370 647 2430 trahit
669 2371 774 2447 prooul
792 2369 883 2429 dubio
907 2370 1077 2430 ostenditur
1095 2372 1214 2447 fortior,

190 2459 272 2518 unde
294 2477 413 2519 neeesse
436 2463 482 2519 est
505 2461 598 2519 etiem
619 2459 751 2519 invitum
774 2462 861 2535 sequi
883 2459 936 2535 qui
954 2460 1121 2536 potioribus
1140 2461 1212 2520 nisi-
1252 2455 1260 2495 ,·

190 2549 248 2608 bus
272 2551 438 2625 superatur.
484 2566 652 2626 sequamur,
679 2548 792 2625 inquit,
821 2549 968 2625 quioquid
991 2550 1061 2624 erit,
1088 2550 1144 2608 hoo
1168 2552 1215 2608 est

145 2658 176 2699 se
191 2640 256 2698 sive
278 2638 403 2696 trahant
426 2637 490 2696 sive
511 2638 668 2698 retrahant
691 2639 764 2698 fata.
810 2637 883 2697 haee
906 2641 1035 2697 estune
1063 2638 1212 2697 sententia

190 2745 270 2803 quae
293 2726 444 2803 sequenda
466 2729 525 2802 est,
553 2746 623 2788 oum
649 2726 715 2786 fata
738 2730 793 2786 aut
815 2727 922 2786 volunt
944 2727 1060 2803 aliquid
1084 2730 1137 2786 aut
1159 2746 1212 2786 no-

190 2817 268 2891 lunt,
292 2816 354 2875 alia
376 2835 446 2875 vero
470 2818 516 2875 est
538 2834 615 2893 quae
639 2816 781 2876 adversus
804 2817 886 2875 mala
908 2818 1075 2876 necessaria
1098 2819 1154 2891 est,
1177 2818 1215 2875 ut

191 2905 320 2965 adversa
342 2904 465 2964 ferendo
494 2907 595 2981 potius
624 2925 715 2982 quam
742 2906 906 2965 resistendo
929 2907 1096 2965 vincantur.
1142 2905 1214 2965 huie

190 2995 359 3054 sententiae
373 2996 403 3053 et
417 2993 598 3053 Terentiana
612 2986 719 3074 (Andr.
736 2998 765 3069 2,
781 2998 810 3068 1,
825 2988 860 3075 5)
879 2995 1027 3054 consentit
1046 2996 1128 3054 diota
1144 2995 1212 3053 aliis

146 3106 176 3146 so
188 3082 300 3157 verbis,
322 3086 421 3143 mente
439 3086 540 3143 tamen
564 3082 681 3142 eadem:
705 3082 870 3159 „quando“,
887 3085 996 3160 inquit,
1014 3103 1091 3159 „non
1113 3086 1215 3160 potest

265 3294 281 3341 2
306 3294 423 3357 atquae
441 3289 615 3358 pertenderet
636 3289 689 3342 LR
712 3290 755 3344 ed.
784 3291 825 3344 oet
852 3307 922 3359 qaae
946 3307 975 3358 p.
999 3289 1042 3343 ed.
1066 3290 1139 3358 post.

190 3366 208 3414 3
233 3358 301 3415 orde
324 3376 464 3414 emaum
487 3361 580 3429 spatio
604 3363 739 3429 quattuor
760 3359 919 3415 litterarum
942 3361 963 3413 L
987 3361 1047 3413 sine
1071 3361 1164 3430 spatio
1187 3360 1215 3412 R

190 3433 234 3486 eia
252 3430 373 3485 inseruit
390 3449 411 3485 r.
504 3434 675 3500 dsuetoram
694 3433 719 3485 R
742 3449 811 3486 eorr.
830 3451 851 3486 r.
945 3433 1072 3500 titioque
1089 3433 1133 3486 ha'e
1151 3431 1212 3485 LR.

265 3503 397 3557 tralatis
416 3502 469 3555 LR
488 3520 556 3558 oorr.
575 3521 596 3557 r.
671 3508 705 3557 10
723 3521 807 3573 seque
825 3502 846 3556 L
865 3520 893 3558 se
910 3503 937 3557 R
954 3520 1101 3572 sequamur
1118 3522 1139 3557 r.

192 3580 227 3629 le
245 3575 330 3641 saetis
348 3573 378 3626 L.
470 3578 504 3627 80
521 3576 622 3643 peterit
639 3574 665 3627 a
683 3578 755 3630 -se'at
772 3575 794 3628 L
813 3580 892 3630 eant
910 3575 953 3629 ed.
1046 3580 1079 3628 21
1098 3591 1213 3644 eapere-

190 3648 232 3701 oit
250 3645 276 3698 It
294 3646 334 3699 ·re‘
351 3663 372 3701 r.
399 3646 403 3716 Ι
429 3653 548 3713 pessunt
565 3645 618 3698 La
636 3646 679 3700 ed.
696 3648 805 3715 possint
822 3664 844 3700 r.
918 3651 952 3700 29
971 3646 1142 3701 terrentiano
1160 3644 1214 3698 LR

190 3734 262 3773 corr.
281 3735 303 3772 r.
898 3739 900 3744 ·
