2734 4159
532 336 715 392 AENEIDOS
735 338 760 392 V
1096 338 1162 402 445

143 525 240 581 saepe.
279 507 360 582 quod
383 510 490 583 quater
513 508 557 566 ait
580 525 659 566 nuno
682 509 713 565 et
735 507 767 565 id
789 508 888 582 ipsum
907 525 996 582 saepe
1015 525 1162 566 commen·

145 596 240 671 davit,
268 596 325 653 hoo
353 596 517 672 significat,
545 595 625 672 quod
653 597 749 656 omnis
773 595 871 673 gloria
893 595 1053 654 interitura
1076 600 1162 672 esset,

144 686 169 742 si
193 684 270 743 illud
292 687 423 760 tempus,
452 687 478 744 si
501 686 617 745 occasio
640 702 781 761 praesens
804 684 955 743 laberetur
977 704 993 743 e
1016 686 1162 744 monibus.

145 793 236 847 nunc,
268 774 381 849 inquit,
413 794 492 833 nune
518 774 679 851 insurgite,
712 775 796 833 adest
828 777 945 850 tempus
979 792 1039 849 quo
1071 774 1163 833 fortia

117 863 265 922 svirtutis
293 866 410 922 vestrae
438 866 468 921 et
496 866 580 941 gesta
607 864 769 938 superioris
796 865 939 939 temporis
965 863 1162 939 comprobetis.
1235 867 1238 871 '

145 970 224 1010 nuno
246 953 307 1011 illis
334 954 455 1027 animis,
483 970 561 1011 nunc
584 952 698 1011 viribus
722 970 797 1028 opus
821 955 866 1011 est
890 952 997 1028 quibus
1019 951 1068 1011 usi
1091 954 1163 1011 estis

145 1061 213 1099 cum
235 1042 373 1100 Hectoris
397 1042 500 1100 essetis
523 1041 631 1100 sociati
653 1042 760 1100 virtuti
783 1040 950 1117 quibusque
969 1041 1064 1099 multa
1082 1041 1164 1099 mala

146 1135 176 1189 et
208 1131 343 1206 ingentia
375 1132 553 1205 superastis,
585 1148 659 1205 quos
693 1148 748 1208 ego
780 1133 850 1205 post
878 1131 1017 1188 ultimam
1045 1132 1163 1205 patinae

146 1224 256 1278 sortem
290 1221 412 1278 comites
445 1219 551 1296 delegi.
596 1221 697 1295 potest
725 1222 755 1278 et
785 1221 827 1279 sic
858 1220 996 1297 intellegi
1023 1219 1165 1279 Hectorei

106 1328 132 1366 ro
146 1310 233 1381 sccii,
261 1311 296 1366 ut
318 1309 389 1367 talis
413 1326 462 1368 eos
485 1309 623 1367 videatur
645 1308 768 1381 dixisse,
795 1310 892 1384 qualis
914 1308 1026 1368 Hector
1049 1309 1164 1381 fuisset,

147 1397 234 1471 quasi
256 1399 368 1475 singuli
391 1397 524 1474 singulos
543 1396 687 1456 Hectores
705 1398 804 1457 facere
822 1399 999 1473 potuissent.
1036 1397 1164 1473 denique

147 1486 263 1545 addidit
291 1490 321 1544 et
345 1487 455 1563 delegi,
478 1489 514 1545 ut
536 1486 707 1545 ostenderet
729 1506 764 1545 ex
787 1486 924 1562 plurimis
946 1487 1032 1546 bonis
1055 1488 1164 1546 electos

147 1595 209 1634 esse
232 1576 378 1635 meliores.
424 1580 504 1634 recte
528 1594 577 1634 eos
601 1575 743 1635 admonet
765 1578 947 1651 praeteritae
970 1578 1104 1650 virtutis,
1129 1578 1165 1635 ut

147 1665 289 1739 exemplis
321 1664 382 1724 suis
415 1667 571 1742 erigantur
601 1667 703 1741 potius
732 1684 822 1741 quam
850 1665 938 1725 factis
965 1667 1165 1741 provocentur

107 1774 133 1813 15
148 1755 262 1812 alienis.
309 1753 465 1813 ordinatur
487 1773 590 1813 sensus
614 1756 669 1813 sic:
693 1772 772 1812 nunc
794 1772 874 1813 nunc
895 1756 1042 1831 insurgite
1065 1756 1164 1829 remis,

147 1846 230 1917 socii,
253 1847 287 1901 ut
310 1842 451 1901 Hectorei
473 1843 571 1903 laudis
594 1844 660 1902 loco
683 1845 816 1919 positum
839 1842 986 1919 videatur,
1004 1863 1064 1902 non
1083 1844 1164 1920 quod

148 1933 310 2006 aliquando
334 1932 407 1990 socii
430 1933 550 1991 fuerant
568 1932 701 1991 Hectori.
745 1950 838 2008 usque
863 1951 897 1991 eo
919 1933 986 1991 laus
1010 1935 1056 1991 est
1075 1951 1165 2008 quae·

147 2024 206 2080 sita
239 2022 274 2078 de
312 2023 445 2095 exemplo
478 2021 599 2080 virtutis
631 2021 810 2097 Hectoreae,
842 2025 877 2081 ut
909 2021 1058 2080 addiderit
1090 2040 1164 2098 quos

147 2112 222 2168 mihi
245 2111 375 2169 delectos
399 2110 522 2167 adiunxi
545 2113 614 2185 post
636 2111 754 2185 patriae
772 2112 891 2169 nostrae
910 2111 1051 2169 ultimum
1067 2111 1164 2169 fatum

107 2220 133 2259 uo
148 2206 177 2258 et
202 2218 327 2274 quorum
351 2199 477 2274 probavi
499 2201 641 2258 virtutem
665 2199 803 2275 plurimis
821 2199 904 2274 locis,
922 2202 1085 2258 imitamini
1102 2218 1164 2276 vos,

147 2293 182 2346 ut
202 2288 281 2363 quod
298 2290 331 2346 in
346 2307 453 2347 manus
468 2287 549 2346 dedit
562 2289 684 2347 fortuna
698 2289 896 2365 conpleamus.
925 2307 1104 2363 quemquam
1122 2290 1156 2347 ol
1166 2294 1218 2342 196

147 2379 198 2435 sed
225 2381 361 2449 superui
388 2378 493 2450 qulbus
519 2379 584 2446 hoc,
612 2378 760 2451 Neptune,
793 2379 911 2447 dedisti,
944 2382 1082 2437 eutruuos
1106 2396 1165 2451 pu·

148 2468 215 2524 deut
237 2467 373 2524 rediisse:
404 2465 474 2525 licet
496 2467 648 2525 tenuerint
670 2467 737 2525 loca
759 2467 892 2525 melioris
916 2485 1020 2526 cursus
1049 2468 1165 2542 quibus,

148 2556 296 2628 Neptune,
315 2554 491 2632 suffragium
514 2556 591 2614 ferre
614 2555 748 2630 voluisti,
769 2557 912 2615 victoriae
931 2576 1024 2634 genus
1043 2559 1088 2616 est
1105 2575 1165 2615 non

108 2665 134 2704 as
148 2644 259 2703 redisse
282 2648 474 2718 postremum.
519 2646 571 2703 lroe
597 2647 716 2714 vincite,
739 2648 828 2712 uoce,
852 2650 879 2705 et
894 2646 1045 2718 prohibete
1065 2648 1166 2720 ursus:

149 2736 175 2792 si
198 2736 328 2808 primum
351 2734 449 2792 locum
473 2737 573 2792 tenere
596 2733 755 2809 nequistis,
783 2735 945 2793 secundum
970 2735 1077 2793 saltem
1099 2754 1164 2809 per·

222 2943 236 2989 6
256 2938 356 2991 ubiruis
375 2938 403 2989 L.
480 2943 494 2990 7
513 2940 661 2993 uirtutibus
678 2956 748 3007 quae
767 2939 819 2992 LR
836 2957 859 2994 u.
876 2942 925 3008 qui
942 2938 1028 2992 HOU
1048 2940 1091 2993 ed.
1110 2940 1165 2994 uir·

149 3011 203 3063 tuti
221 3010 372 3078 quibusque
390 3026 448 3062 nos.
525 3016 540 3062 8
560 3012 692 3065 ultimant
709 3011 734 3063 R
753 3027 821 3064 corr.
836 3029 857 3064 r.
935 3016 967 3064 16
986 3011 1089 3065 hectore
1108 3011 1138 3063 L.
1160 3010 1163 3083 l

149 3082 240 3133 erideut
263 3080 283 3131 L
308 3097 429 3149 -supra
452 3088 482 3134 ut
505 3098 579 3135 man.
598 3098 653 3135 rec.
672 3083 786 3137 oideuut
805 3082 862 3135 ΗΠ
881 3082 924 3135 ed.
947 3082 1039 3136 uideat
1061 3082 1086 3134 R
1109 3082 1165 3135 evi·

150 3151 262 3204 dontius
281 3152 311 3204 in
329 3153 457 3206 uideatur
475 3169 543 3206 corr.
558 3171 579 3204 r.
606 3158 609 3222 Ι
637 3155 769 3221 quomodo
787 3152 931 3206 LRHOU
945 3153 988 3207 ed.
1003 3154 1076 3221 quod
1093 3153 1165 3208 red.

149 3227 221 3291 post.
241 3239 299 3275 nos.
409 3229 441 3277 17
466 3225 529 3278 laus
551 3223 631 3278 LRO
656 3226 731 3279 lectu
753 3224 810 3278 HU
833 3224 877 3278 ed.
901 3225 1008 3279 loeutus
1030 3224 1073 3278 ed.
1095 3228 1165 3293 post.

204 3299 309 3347 17-18
328 3296 436 3362 quesita
454 3296 487 3348 de
505 3295 558 3347 LR
581 3312 647 3363 quoe
669 3296 711 3350 itu
733 3296 768 3350 ab
792 3295 835 3350 ed.
854 3297 978 3363 quaesitu
996 3296 1029 3349 dc
1052 3312 1111 3349 nos.

151 3370 183 3417 18
203 3368 336 3419 lectoriae
355 3366 376 3418 L
396 3368 523 3420 laudaret
541 3366 664 3420 added.
724 3371 757 3419 19
777 3366 886 3421 dilectos
904 3367 925 3419 L
945 3368 1059 3421 etelectus
1077 3367 1103 3419 It
1120 3368 1165 3421 de·

151 3439 229 3490 lectos
248 3437 291 3489 cd.
372 3443 406 3490 20
421 3439 554 3506 plurimis
572 3439 668 3506 leupus,
689 3438 786 3491 sedin
805 3439 871 3493 locis
889 3455 957 3493 corr.
973 3438 1108 3492 lean.
1124 3440 1165 3507 pl.

150 3510 244 3577 loupos
262 3508 287 3560 R
306 3508 340 3561 cf.
358 3515 382 3576 2,
395 3514 458 3562 736:
478 3526 544 3578 ergo
563 3510 593 3562 in
613 3509 717 3563 archet.
733 3511 822 3580 loupie
840 3508 896 3563 fuit
914 3510 956 3563 ite
974 3510 1003 3562 in
1024 3512 1088 3563 locis·
1107 3526 1166 3564 cor-

149 3583 269 3642 rectum,
290 3583 322 3632 ut
341 3581 546 3649 superpositam
568 3597 614 3634 oo
632 3580 735 3649 legerit
753 3581 778 3633 R
792 3582 924 3650 plurimis
942 3583 973 3633 iu
992 3582 1058 3635 tocie
1076 3582 1103 3634 H
1122 3581 1166 3634 ed.

200 3657 233 3702 24
252 3657 389 3718 ueptuuue
409 3653 433 3704 lt
452 3669 518 3705 -uus
535 3670 549 3704 r
567 3652 610 3705 ed.
628 3654 631 3722 l
647 3654 773 3707 voluisset
791 3653 814 3705 li
831 3651 1033 3708 coluissemus
1050 3651 1190 3700 ootutsset

150 3721 225 3774 red.
245 3723 357 3775 coluisti
373 3740 431 3776 nos.
507 3729 540 3777 26
560 3726 682 3796 nequitis
703 3725 749 3781 ed.
