2734 4159
222 348 297 403 XLII
625 345 832 401 PRAEFATIO

223 518 260 577 In
291 519 441 577 lemmatis
473 519 580 575 autem-
606 513 821 575 constituendis
858 533 919 575 non
953 531 1047 592 parva
1079 512 1243 576 difficultas
1282 583 1285 589 Δ

225 606 405 667 occurrebat.
451 623 540 681 saepe
567 606 647 663 enirn
674 604 784 664 accidit
811 606 846 662 ut
874 606 907 663 in
938 605 984 663 his
1017 601 1184 665 contraria
1200 606 1243 665 le-

225 699 335 774 gantur
361 696 399 756 iis
427 714 504 772 quae
530 697 562 753 in
585 694 833 769 interpretatione
857 692 1050 769 explicantur.
1097 693 1170 770 quid
1193 694 1260 754 hic.

224 784 417 843 iudicandum
440 782 506 843 est?
544 803 582 841 an
604 783 684 841 idem
709 780 788 857 quod
810 782 873 841 iam
891 782 1035 859 Heynius,
1054 785 1112 843 etsi
1134 802 1243 859 parum

225 877 305 934 certo
329 874 404 949 loco,
428 875 535 948 8,187
557 874 675 947 statuit,
694 890 729 930 ex
746 872 995 947 interpretatione
1014 872 1086 947 quid
1105 872 1243 932 Donatus

225 964 332 1040 legerit
365 963 600 1042 cognoscendum
633 958 718 1021 esse?
762 962 795 1019 in
822 960 878 1019 hoc
905 980 1012 1039 genere
1044 959 1178 1020 locorum
1207 982 1243 1021 ex

222 1053 363 1128 plurimis
384 1054 590 1130 'gravissimus
623 1053 668 1109 est
703 1051 753 1125 12,
778 1051 851 1109 412.
897 1052 1010 1109 nemini
1043 1052 1122 1109 euim
1154 1052 1244 1111 oredo

225 1159 397 1219 persuasum
421 1141 460 1200 iri
481 1141 634 1199 Donatum
652 1135 856 1213 „dictamnum
879 1140 1012 1217 genetrix
1032 1129 1157 1199 Cretaea
1179 1158 1243 1200 car-

224 1233 271 1308 pit
294 1230 331 1289 ab
354 1227 426 1289 Ida“
449 1232 482 1288 in
504 1230 664 1303 lemmate,
677 1231 713 1286 ut
735 1226 882 1287 uaditum
905 1232 959 1303 est,
982 1228 1148 1304 scripsisse,
1175 1248 1243 1289 cum

225 1338 292 1379 eam
318 1320 477 1379 lectionem
503 1317 583 1377 haud
613 1316 752 1394 ambigue
779 1319 949 1394 impugnet,
981 1320 1013 1376 at
1040 1318 1136 1377 altera
1158 1318 1244 1395 „ipsa

225 1428 316 1468 manu
344 1409 481 1486 genetrix
509 1395 634 1465 Dictaea
661 1406 760 1482 carpit
787 1406 824 1464 ab
847 1405 919 1464 lda“
947 1426 1000 1482 per
1021 1409 1123 1465 totam
1149 1408 1244 1467 iuter·

222 1498 425 1574 pretationem
451 1515 506 1572 pro
534 1495 728 1554 fundamento
755 1498 860 1554 utatur
886 1497 918 1554 et
942 1496 1054 1555 multus
1077 1496 1172 1556 sitin
1195 1515 1243 1555 ex·

223 1587 365 1663 plicando
389 1586 468 1661 quod
492 1587 537 1644 est
560 1582 686 1659 „manu“
710 1587 741 1642 et
763 1583 933 1659 „Dictaea“.
978 1603 1033 1644 nec
1055 1587 1154 1645 minus
1182 1586 1244 1645 evi·

225 1676 330 1735 denter
345 1677 374 1748 9,
386 1676 448 1733 786
465 1694 500 1733 ex
513 1674 762 1749 interpretatione
776 1676 903 1750 apparet
916 1674 1069 1734 Donatum
1083 1673 1244 1749 „deorum“

225 1766 342 1843 legisse,
361 1782 420 1823 non
441 1761 643 1840 „parentum“,
663 1762 743 1838 quod
757 1762 922 1823 Vaticanus
946 1765 976 1822 et
998 1762 1090 1823 editio
1113 1764 1146 1822 in
1169 1763 1244 1822 lem-

225 1857 305 1913 mate
333 1853 489 1929 praebent,
516 1852 649 1928 itemque
677 1855 706 1930 5,
728 1853 790 1911 775
813 1852 851 1910 al.
897 1852 1069 1930 impeditior
1090 1852 1174 1913 locus
1197 1856 1247 1913 e'st

228 1946 279 2017 10,
299 1945 349 2018 18,
372 1942 426 2001 ubi
442 1942 558 2001 ¹lemma
580 1938 775 2017 ,1611111666ιι
791 1939 891 2015 habet,
910 1942 1158 2018 interpretatione
1181 1942 1245 2017 „di-

226 2029 375 2109 vumqne“
399 2032 577 2109 explicatur:
602 2027 800 2105 „divumque“
822 2030 920 2105 recepi
944 2049 1127 2106 quamquam
1150 2032 1245 2091 etiam

227 2123 257 2194 4,
282 2122 345 2179 675
375 2118 567 2195 ,rerumque‘
596 2118 696 2179 codice
728 2118 932 2191 confirmatur,
968 2123 1068 2195 potest
1099 2122 1180 2178 enim
1211 2122 1245 2178 in

227 2214 335 2285 quarto
354 2212 408 2268 aut
426 2210 563 2269 Donatus
582 2228 617 2267 ex
635 2210 780 2267 memoria
799 2208 920 2267 solitam
942 2209 1101 2268 lectionem
1124 2211 1246 2268 secutus

227 2317 290 2358 esse
319 2302 385 2372 aut,
413 2298 439 2357 si
461 2298 525 2357 illic
548 2316 667 2373 quoque
690 2296 888 2375 „divumque“
911 2298 1079 2373 scripserat,
1101 2298 1245 2359 librarius

225 2391 366 2447 mutasse.
412 2389 468 2447 hoc
492 2388 571 2445 enbn
595 2390 674 2445 certe
698 2386 812 2445 factum
836 2389 881 2445 est
903 2387 936 2443 in
958 2387 1024 2446 loco
1048 2387 1087 2446 ad
1112 2389 1164 2462 12,
1178 2389 1244 2446 412

227 2496 263 2534 ex
287 2478 315 2550 4,
332 2477 395 2534 513
420 2476 545 2550 adscito,
568 2476 628 2549 ubi,
652 2495 721 2535 cum
740 2476 879 2535 Donatus
901 2477 982 2535 haud
1005 2476 1099 2535 dubie
1113 2474 1247 2550 „messe“

228 2565 389 2640 scripserit,
412 2565 484 2640 quia
507 2567 629 2640 „messis
652 2563 805 2642 tempore“
828 2565 967 2641 explicat,
989 2566 1131 2624 librarius
1149 2586 1244 2640 „mes-

227 2653 296 2713 sae“
310 2654 414 2730 posuit
428 2655 590 2713 secundum
603 2655 748 2714 traditam
766 2655 798 2713 iu
816 2654 902 2714 libris
917 2655 1098 2733 Vergilianis
1117 2657 1247 2714 rectam-

227 2762 285 2819 que
319 2743 488 2816 lectionem,
521 2744 605 2802 locus
635 2744 700 2818 ipse
727 2744 759 2801 in
788 2747 895 2818 quarto
924 2745 1049 2804 amissus
1076 2744 1246 2819 comparari

227 2833 341 2907 nequit.
389 2830 511 2889 dubium
534 2851 594 2890 non
618 2834 663 2890 est
687 2833 758 2907 quin
782 2832 932 2892 lemmatis
956 2834 1045 2893 lectio
1068 2832 1248 2910 corrigenda

227 2922 276 2993 sit,
299 2919 395 2980 sicubi
418 2921 466 2978 vel
494 2924 590 2979 metro
619 2921 780 2980 damnatur
806 2923 843 2979 ut
871 2924 899 2996 3,
925 2924 997 2981 526.
1031 2923 1060 2995 8,
1086 2924 1158 2981 150.
1193 2925 1247 2998 10,

228 3011 301 3068 693.
333 3012 382 3083 11,
407 3011 475 3067 129.
505 3010 569 3069 498
593 3013 648 3067 etc.
676 3011 725 3068 vel
753 3012 841 3068 metri
870 3030 904 3071 ac
932 3011 1098 3070 sententiae
1126 3012 1247 3072 ratione

226 3103 263 3157 ut
291 3100 320 3173 4,
340 3100 414 3158 256.
443 3100 472 3171 6,
492 3099 564 3157 363.
595 3099 658 3156 528
688 3099 736 3157 vel
763 3099 823 3158 alio
853 3100 919 3159 loco
951 3118 1054 3157 veram
1086 3100 1245 3160 lectionem

226 3190 357 3247 testante
385 3191 420 3245 ut
448 3188 570 3261 4106.
596 3189 624 3262 5,
645 3188 718 3245 662.
765 3189 816 3248 sed
843 3189 900 3248 hoc
923 3204 1043 3266 quoque
1065 3188 1096 3247 in
1120 3208 1247 3249 numero

228 3278 360 3336 difficilis
383 3277 467 3337 locus
491 3279 537 3335 est
562 3278 611 3350 11,
632 3277 696 3334 886
720 3277 782 3351 ubi,
805 3277 877 3336 lieet
900 3281 948 3351 „et
971 3277 1045 3335 duro
1069 3278 1124 3336 sub
1147 3279 1248 3340 Marte

227 3363 403 3425 cadentum“
422 3368 518 3425 metro
537 3365 720 3441 repudietur,
738 3366 871 3424 dubitari
893 3368 993 3424 tamen
1017 3368 1118 3441 potest
1140 3371 1247 3426 utrum

228 3474 296 3515 cum
318 3455 458 3514 Fabricio
481 3455 573 3529 „duro
597 3453 645 3512 et“
669 3454 887 3514 emendandum
908 3472 946 3512 an
966 3454 1116 3514 diversum
1134 3456 1247 3516 lemma

228 3544 309 3618 quod
339 3544 410 3602 libri
439 3543 608 3622 Vergiliani
639 3547 796 3619 praestant
827 3543 1069 3602 substituendum
1101 3545 1148 3604 sit.
1199 3550 1247 3606 est

214 3632 297 3687 enim
319 3634 464 3707 profecto
489 3633 541 3693 ubi
564 3633 702 3692 Donatus
726 3650 744 3690 a
767 3631 879 3692 tradito
894 3632 1022 3710 Vergilii
1044 3636 1129 3692 textu
1152 3635 1247 3694 disce·

197 3714 257 3772 dat
273 3721 371 3779 modo
390 3725 555 3785 meliorem
575 3725 742 3787 lectionem
758 3720 905 3801 praebens
920 3725 959 3782 ut
977 3724 1009 3795 5,
1020 3722 1094 3780 814.
1114 3726 1166 3795 11,
1180 3726 1248 3784 345
