2734 4159
589 313 772 370 AENEIDOS
791 314 804 367 1
1162 312 1205 378 39

184 488 253 545 erat
276 487 400 560 propter
421 486 557 563 regiones
580 486 759 562 incognitas,
784 484 841 545 hoc
864 484 956 543 dabat
979 482 1136 563 longitudo
1160 502 1205 543 se·

184 592 299 649 cessu83
330 592 409 650 aqua
431 593 502 634 vcro
525 576 556 633 et
578 576 700 650 copiosa
723 577 753 632 ct
776 576 891 649 optima
914 577 1038 650 propter
1059 590 1130 633 usus
1153 572 1205 632 ho-

185 666 312 738 minum,
325 662 403 721 hanc
422 662 563 723 offerebat
581 663 783 739 nympharum
801 661 920 739 domus;
943 666 1066 739 propter
1085 661 1205 722 ardores

187 757 290 813 autem
312 752 384 812 solis
399 754 573 813 ‚necessaria
596 753 717 812 fuerant
739 770 816 828 quac
838 750 1016 828 praeberent
1033 750 1204 811 hominibus

156 843 402 916 adefonsionem‚
430 841 642 901 ministrabant
663 843 756 901 istam
777 840 914 900 naturale
938 844 1058 900 antrum
1081 844 1111 899 et
1133 860 1205 917 opa-

185 934 263 991 citas
290 950 457 1003 nemorum3
493 935 670 1006 tantumque
699 933 818 1007 poterat
845 932 1034 1006 oportunitas
1066 929 1138 1004 loci,
1171 932 1206 988 ut

184 1022 250 1080 illic
278 1038 369 1079 naves
397 1038 450 1079 nec
478 1020 651 1079 retinaculis
675 1023 849 1079 tenerentur
871 1038 925 1078 nec
948 1017 1129 1095 ponderibus
1152 1036 1205 1086 an·

185 1128 338 1171 corarum:
361 1109 472 1169 idcirco
490 1110 647 1185 praemisit
666 1107 773 1184 quibus
793 1111 889 1168 omnis
908 1107 946 1167 ab
968 1109 1030 1168 alto
1054 1108 1205 1185 frangitur

186 1193 262 1280 (non
285 1198 376 1273 locus,
400 1198 451 1257 sed
475 1199 571 1258 omnis
593 1197 675 1257 unda
698 1197 736 1256 ab
760 1188 837 1278 alto)
865 1199 956 1273 inque
984 1198 1066 1257 sinus
1094 1196 1206 1256 scindit

145 1310 171 1349 ro
185 1307 251 1349 sese
273 1287 354 1346 unda
376 1286 527 1347 reductos:
550 1286 631 1346 unda
654 1288 751 1346 omnis
774 1285 812 1345 ab
837 1287 898 1347 alto
922 1287 1071 1365 frangitur
1095 1289 1124 1344 et
1142 1302 1204 1345 sese

185 1380 219 1436 in
243 1379 326 1436 sinus
349 1375 458 1435 scindit
480 1379 659 1452 procurante
681 1375 738 1436 hoc
761 1378 860 1451 ipsum
884 1374 1042 1435 altitudine
1068 1375 1204 1433 laterum.

185 1467 224 1526 ab
254 1466 316 1525 alto
344 1465 376 1523 id
404 1468 448 1525 est
476 1464 513 1524 ab
542 1483 577 1524 ea
604 1468 690 1540 parte
714 1484 773 1540 qua
796 1467 971 1525 continuum
992 1465 1091 1524 fuerat
1113 1483 1204 1524 mare.

185 1554 365 1615 admiranda
392 1574 463 1632 ergo
491 1554 623 1614 brevitas
651 1558 681 1613 et
709 1555 863 1614 continens
896 1556 997 1614 omnia
1029 1555 1204 1614 necessaria.

186 1644 267 1721 quod
305 1647 405 1702 autem
446 1645 543 1703 omnis
579 1644 661 1703 locus
700 1644 751 1719 qui
787 1645 820 1701 in
856 1643 1086 1718 descriptionem
1122 1644 1205 1701 venit

143 1755 170 1795 rs
186 1736 331 1811 quattuor
348 1731 439 1791 habet
457 1735 562 1807 partis,
577 1731 743 1807 descriptae
762 1735 832 1791 sunt
851 1750 966 1806 omnes3
985 1751 1056 1791 nam
1075 1731 1205 1792 ostendit

164 1824 284 1882 -latera
302 1822 361 1882 duo
380 1822 480 1881 dicens
504 1821 621 1881 obiectu
642 1822 779 1896 laterum,
797 1823 920 1880 tertiam
937 1823 1055 1896 partem
1074 1825 1204 1897 clergo,

185 1930 247 1989 qua
269 1912 330 1969 fuit
351 1913 515 1987 ingressus3
539 1909 646 1986 quibus
670 1912 768 1970 omnis
791 1909 828 1969 ab
853 1910 914 1970 alto
939 1911 1090 1986 frangitur
1111 1912 1204 1985 inque

184 2004 268 2061 sinus
293 2000 401 2059 scindit
424 2018 488 2059 sese
511 2000 592 2058 unda
614 1998 765 2073 reductos,
793 1999 863 2057 hinc
891 2002 981 2075 atque
1009 1998 1204 2063 hincuastae

183 2108 275 2166 rupes
298 2091 469 2166 geminique
492 2090 646 2147 minantur
667 2090 701 2147 'm
723 2089 839 2147 caelum
862 2088 985 2163 scopuli,
1005 2106 1131 2162 quorum
1150 2086 1204 2145 sub

140 2202 169 2242 ao
184 2181 298 2238 vertice
320 2179 382 2237 late
405 2197 536 2253 aequora
557 2180 625 2236 tuta
643 2178 742 2252 silent,
760 2181 825 2236 tum
844 2178 928 2237 silvis
947 2194 1054 2235 scaena
1073 2177 1203 2235 coruscis

184 2270 312 2343 desuper
333 2267 526 2342 horrentique
551 2269 650 2324 atrum
672 2286 776 2327 nemus
798 2268 926 2325 inminet
953 2265 1071 2324 umbra:
1103 2267 1204 2325 omnia

184 2359 258 2416 haec
286 2357 382 2416 tribus
410 2356 553 2415 lateribus
576 2359 732 2431 aptantur.
774 2359 918 2430 ⁴quartam
945 2358 1061 2430 partem
1090 2373 1125 2413 ex
1153 2354 1204 2414 ad·

185 2466 271 2507 verso
299 2447 400 2521 posuit
427 2444 527 2505 dicens
554 2445 653 2504 fronte
681 2444 736 2505 sub
764 2444 889 2504 adversa
917 2444 1046 2519 scopulis
1075 2443 1204 2519 penden-

183 2536 267 2596 tibus
300 2539 433 2607 antrum,
465 2536 547 2593 intus
580 2552 676 2609 aquae
706 2533 806 2592 dulces
835 2536 964 2609 vivoque
992 2533 1097 2592 sedilia
1124 2551 1205 2606 saxo,

139 2650 169 2688 as
185 2625 390 2701 nympharum
417 2623 530 2683 domus.
577 2624 769 2698 conpetentis
797 2622 903 2682 sedilia
931 2626 962 2682 et
988 2622 1053 2682 loco
1081 2625 1111 2681 et
1138 2641 1204 2698 per·

184 2716 267 2776 sonis
295 2715 328 2771 in
351 2713 552 2788 nympharum
575 2712 677 2786 domo,
704 2716 739 2771 ut
762 2711 886 2771 dulcedo
910 2730 1005 2787 aquae
1030 2714 1060 2769 et
1083 2710 1205 2770 sedendi

183 2803 376 2880 oportunitas
400 2803 568 2861 venientem
591 2800 725 2860 reficeret
747 2820 808 2860 non
830 2804 950 2859 tantum
973 2802 1072 2859 animo
1101 2818 1204 2859 verum

184 2895 279 2952 etiam
298 2910 429 2966 corpore.
466 2891 639 2968 intellegere
658 2894 760 2950 autem
779 2890 918 2949 debemus
952 2888 1031 2965 quod
1054 2891 1086 2946 in
1109 2891 1204 2949 omni-

184 2983 241 3041 bus
269 2981 403 3040 locorum
431 2979 680 3055 descriptionibus
710 2980 877 3039 curandum
905 2982 949 3038 est
991 2978 1090 3038 locum
1112 2980 1205 3037 istum

137 3095 168 3136 so
182 3074 229 3130 sic
261 3072 382 3145 poetam
414 3068 603 3144 descripsisse
635 3072 671 3128 ut
701 3068 926 3146 ingredientem.
980 3067 1059 3125 hunc
1091 3083 1205 3126 morem

185 3161 280 3219 etiam
295 3158 472 3217 Sallustium
490 3160 620 3218 tenuisse
639 3159 833 3217 manifestum
852 3160 897 3217 est
914 3155 967 3215 ubi
985 3156 1137 3215 dexteram
1155 3157 1204 3214 vel

184 3252 306 3309 laevam
324 3248 406 3322 dicit,
426 3267 444 3306 a
462 3253 547 3325 tergo
566 3251 598 3306 et
616 3267 634 3306 a
652 3249 760 3321 fronte,
780 3250 814 3304 ut
832 3265 863 3305 se
886 3245 969 3304 velut
993 3246 1205 3303 consistentem

259 3423 275 3470 3
298 3418 370 3471 banc
393 3418 522 3484 offerebat
544 3416 566 3468 L
588 3415 637 3471 hoc
659 3417 788 3483 offerebat
810 3416 835 3468 R
857 3418 928 3469 bunc
952 3413 1083 3480 afferebat
1106 3414 1150 3467 ed.

184 3498 201 3543 5
221 3488 399 3543 ministrabat
420 3490 463 3544 ed.
556 3493 571 3541 9
592 3485 736 3542 uecta
755 3488 803 3541 edl
825 3504 882 3541 non
901 3488 918 3540 l.
938 3485 1003 3539 eds.
1097 3490 1129 3546 101
1148 3501 1203 3539 uon

183 3562 277 3615 omnis
295 3559 348 3612 LR
365 3561 409 3614 ed.
427 3560 506 3614 unda
524 3576 548 3614 o.
567 3575 626 3612 nos.
720 3565 752 3612 12
772 3560 930 3629 contiguum
948 3556 1014 3610 eds.
1107 3562 1140 3609 14
1159 3558 1204 3611 de-

183 3631 382 3701 scriptionibus
404 3632 447 3686 ed.
540 3636 573 3689 15
592 3631 691 3685 babeat
709 3629 761 3684 LR
780 3630 824 3685 ed.
843 3630 924 3687 tubat
941 3644 1009 3697 nos,
1025 3644 1074 3681 au·
1084 3644 1150 3681 cuns
1164 3643 1223 3693 pro

184 3705 279 3772 qaod?
348 3709 501 3755 craton.
523 3702 564 3757 ed.
