2734 4159
565 334 749 390 somnos
768 335 806 390 VI
1132 332 1199 397 555

181 505 284 565 Aenea
311 505 413 565 videre
442 504 583 581 cupiebat
613 503 772 563 incolumis
804 504 871 580 ipea
903 522 971 561 eum
1002 504 1136 564 cerneret
1167 502 1199 561 in

181 595 321 655 fluctibus
357 595 454 655 saevis
486 595 660 653 exanimem.
719 609 837 653 summa
871 593 1006 652 sublimate
1042 594 1080 652 ab
1116 591 1200 651 meda

177 684 326 757 paulatim
356 684 505 744 adnabam
530 687 640 751 terrae,
671 684 734 741 iam
760 686 824 741 tuta
855 682 1002 741 tenebam:
1033 684 1114 756 bruc,
1146 682 1199 755 ait,

182 774 244 833 vidi
266 773 398 849 Italiam,
421 791 489 832 eum
511 792 559 832 me
581 772 750 848 proximum
772 775 870 831 terrae
892 771 986 830 ferret
1007 770 1088 829 unda
1107 770 1200 829 subli-

160 877 261 923 emem
284 866 315 921 et
337 865 406 921 tuta
427 866 528 922 tenere
555 861 726 937 coepissem.
771 862 805 919 ue'
829 877 901 935 qma
928 860 1055 919 crudelia
1077 855 1201 919 madida

182 969 248 1012 cum
270 956 346 1011 ueste
365 955 524 1026 praemium
545 949 566 1025 †
569 953 815 1025 praesumensque
832 951 917 1009 meeis
935 950 1075 1009 mautbus
1093 951 1255 1023 eaptmeeo

181 1060 291 1116 aspera
312 1043 418 1099 moutie
439 1042 519 1113 ferro
537 1041 694 1099 inuasisset
710 1040 914 1114 praedamque
931 1041 1040 1113 tquara
1052 1042 1201 1113 putasset:

181 1150 241 1191 nou
265 1128 424 1188 defuerunt
446 1128 579 1189 crudeles
602 1128 747 1204 homines,
770 1129 824 1204 qui
847 1128 987 1187 arbitrati
1004 1127 1147 1204 praedam
1170 1146 1201 1187 se

179 1219 344 1295 invenisse,
368 1218 441 1294 quia
468 1218 600 1278 vestibus
628 1220 659 1276 et
687 1236 766 1293 aqua
789 1221 933 1295 gravatus
959 1219 1089 1293 fueram,
1115 1218 1201 1276 uncis

141 1318 167 1362 lo
180 1328 230 1368 me
252 1307 392 1367 manibus
413 1306 598 1367 invaderent,
643 1324 738 1366 uncae
761 1326 866 1366 manus
889 1310 961 1366 suut
984 1325 1061 1382 quae
1083 1308 1115 1365 in
1138 1324 1203 1365 mo·

182 1398 256 1456 dum
277 1398 476 1455 humanarum
499 1415 641 1455 manuum
663 1396 743 1455 ferro
765 1395 953 1455 fabricantur
974 1395 1098 1455 aduncis
1118 1395 1202 1454 velut

181 1486 287 1564 digitis
315 1489 346 1544 et
372 1486 405 1544 in
432 1484 527 1545 undas
555 1486 730 1557 mittimur,
762 1488 797 1543 ut
826 1484 906 1561 quod
934 1484 1063 1545 hominis
1095 1502 1202 1543 manus

182 1595 242 1635 non
266 1577 365 1651 potest
388 1574 625 1650 conprehendere
648 1575 722 1649 ipsis
745 1576 846 1633 teneat
874 1572 985 1650 praedo
1014 1577 1104 1650 atque
1127 1573 1201 1649 ipsis

183 1664 296 1742 adigat.
349 1663 451 1740 capita
478 1681 584 1739 aspera
611 1665 721 1722 montis
750 1664 883 1738 accipere
910 1681 1067 1738 possumus
1095 1681 1203 1738 aspera

137 1763 171 1810 la
184 1772 331 1829 saxorum,
355 1771 432 1828 quae
446 1772 481 1810 ex
499 1752 650 1811 radicibus
664 1752 813 1811 montium
831 1753 918 1827 quasi
936 1769 1006 1810 eum
1024 1751 1204 1829 quibusdam

184 1841 334 1919 capitibus
357 1842 388 1899 in
413 1860 495 1901 mare
518 1841 665 1917 producta
691 1841 868 1915 tenduntur,
900 1841 984 1900 iuxta
1012 1861 1102 1918 quae,
1135 1860 1204 1900 cum

183 1932 324 1991 fluctibus
351 1933 536 2007 portaretur,
563 1931 686 1989 invasus
710 1934 763 1989 est.
809 1948 889 1989 uuna
919 1950 965 1990 me
991 1933 1097 2005 uum
1120 1930 1206 1990 babet

184 2025 357 2095 cereamque
379 2022 413 2078 iu
435 2021 517 2079 litore
540 2021 633 2079 ueute':
662 2022 780 2078 utnon
807 2019 893 2095 plene
917 2020 1070 2081 videretur
1092 2020 1203 2079 eiectus

184 2109 265 2169 intra
287 2128 411 2185 aquam,
443 2109 542 2185 inquit
571 2127 650 2167 nunc
677 2109 791 2183 volvor,
822 2109 865 2168 sic
893 2112 994 2169 tamen
1026 2112 1061 2169 ut
1091 2113 1204 2169 terram

140 2212 173 2255 ae
185 2199 283 2258 litoris
300 2201 432 2276 tangam.
478 2202 557 2257 recte
576 2198 653 2257 dixit
671 2196 820 2256 crudelem
838 2201 970 2276 gentem3
994 2198 1030 2257 de
1048 2199 1205 2276 sepultura

186 2290 265 2347 enim
288 2287 479 2362 loquebatur,
510 2306 599 2364 quam
628 2286 687 2347 sibi
714 2286 834 2346 dolebat
861 2306 922 2346 non
952 2288 1130 2364 exhibitam3
1157 2287 1205 2346 illi

187 2377 266 2435 enim
290 2378 342 2452 qui
364 2381 517 2451 venerant,
540 2376 566 2435 si
589 2377 808 2435 humanitatem
831 2376 1008 2453 retinerent,
1030 2397 1091 2437 non
1115 2396 1204 2453 quae·

185 2469 285 2525 rorent
308 2465 450 2542 praedam
473 2465 509 2526 de
533 2468 666 2543 mortuo,
689 2467 741 2525 sed
765 2466 950 2541 sepulturam
973 2466 1113 2525 defuncto
1136 2485 1205 2542 pro-

186 2574 289 2615 curare
313 2554 484 2615 debuerant.
530 2556 608 2630 quod
635 2560 661 2615 te
686 2572 744 2630 per
768 2554 841 2614 caeti
867 2555 1032 2614 iucundum
1059 2554 1207 2615 ummet

151 2659 174 2701 re
187 2662 289 2713 auras,
306 2661 364 2718 per
383 2646 542 2719 qeuiterem
564 2662 623 2713 aro,
653 2641 724 2719 [per
745 2661 811 2718 spes
837 2646 984 2717 surqeute'e
1006 2643 1105 2720 Iute‘J:
1131 2643 1207 2704 bene

186 2732 319 2809 positum
341 2753 395 2809 per
418 2734 495 2792 caeli
516 2734 679 2792 iucundum
701 2732 811 2808 lumen,
835 2734 977 2808 quoniam
996 2734 1078 2811 apud
1095 2733 1207 2794 inferos

185 2821 366 2898 loquebatur
389 2824 419 2880 et
441 2823 561 2882 Aeneae
584 2821 716 2900 optabile
740 2822 798 2881 fuit
821 2840 855 2881 eo
878 2842 1024 2898 remeare,
1052 2824 1126 2882 bene
1153 2842 1208 2899 per

261 3009 384 3063 lauteri
401 3008 427 3062 V
446 3025 515 3065 corr.
530 3009 574 3063 ed.
600 3008 605 3082 Ι
633 3010 697 3079 ipsu
716 3026 777 3063 eum
794 3008 820 3061 V
838 3010 857 3063 ν’.
872 3026 941 3064 cura
959 3011 1002 3064 ed.
1084 3016 1100 3065 3
1119 3018 1208 3067 terrem

186 3081 212 3136 V
230 3086 249 3134 t.
269 3086 295 3134 et
312 3080 356 3135 ed.
426 3086 441 3133 6
456 3086 685 3150 premauumque
703 3080 729 3133 V
746 3081 800 3135 hoc
819 3080 889 3135 Don.
908 3081 1011 3152 legisse
1030 3099 1086 3137 non
1103 3085 1208 3152 potest,

186 3152 256 3222 quia
273 3150 439 3205 Palinumm
461 3153 492 3205 in
510 3151 594 3205 undis
612 3151 720 3221 perisse
737 3154 830 3221 putat,
845 3160 1067 3223 praesentemque
1086 3154 1139 3222 cd,
1158 3154 1208 3209 sed

186 3224 273 3278 inane
292 3225 336 3277 est
353 3239 406 3277 nec
425 3225 583 3278 structurae
598 3223 782 3278 difficultates
796 3222 874 3279 tollit
888 3224 986 3294 inepta
1000 3225 1106 3280 Donati
1120 3226 1208 3280 inter-

186 3294 350 3365 pretatione
368 3295 515 3361 excitatas,
534 3310 621 3365 quara
641 3311 753 3349 crucem
772 3312 913 3365 apponere
931 3296 1028 3351 malui.
1097 3303 1114 3352 8
1133 3299 1207 3353 arbi·

187 3364 538 3421 trattV·trareut1med.
647 3368 763 3422 tuucis
781 3366 807 3420 V
825 3371 851 3421 et
867 3384 895 3421 u.
915 3369 958 3422 ed.
1068 3374 1102 3423 10
1120 3385 1209 3423 uncae

187 3438 318 3493 maucbua
335 3436 361 3491 V
380 3453 448 3492 corr.
469 3438 512 3493 ed.
605 3444 637 3491 12
657 3438 751 3493 dicitis
769 3437 802 3493 V.
829 3442 832 3508 Ι
857 3440 963 3494 bomini
980 3438 1014 3493 V.
1106 3446 1140 3494 14
1158 3441 1208 3495 ad·

187 3511 265 3564 dicat
282 3507 309 3561 V
326 3509 424 3581 adiqat
442 3509 485 3564 ed.
578 3515 610 3563 17
630 3511 745 3565 tueasue
762 3509 788 3563 V
806 3511 923 3565 iemiaue
946 3510 989 3565 ed.
1020 3513 1024 3580 Ι
1057 3512 1157 3567 tabem
1174 3510 1208 3565 V.

244 3584 279 3633 22
298 3587 458 3648 quaererent
476 3580 502 3634 V
520 3598 561 3637 ·re
579 3580 622 3635 ed.
714 3586 749 3634 24
764 3598 816 3649 per
833 3598 945 3649 superos
962 3585 1033 3637 caeti
1049 3582 1075 3637 V
1097 3598 1210 3653 superos

188 3649 341 3775 ‹licetstudw
419 3657 454 3706 ab
474 3669 526 3721 per
547 3668 608 3720 spes
621 3683 655 3691 —
669 3652 730 3707 Iuli
757 3651 837 3705 deest
864 3653 951 3719 inV,
980 3654 1029 3708 sed
1053 3654 1211 3725 explicatur

189 3739 226 3776 c.
283 3764 290 3788 ‚
345 3764 350 3776 .
