2734 4159
544 368 548 377 .
587 328 770 384 arsames
789 329 802 382 Ι
1140 328 1202 396 1οῙ

185 499 252 559 vult
280 500 434 574 consequi,
461 498 520 556 nisi
547 500 601 574 qui
628 499 745 558 alienus
773 502 819 558 est
842 518 860 557 a
884 498 1116 577 cogitationibus
1139 500 1203 557 vio·
1264 573 1267 582 Ι

184 590 306 647 lentiae.
353 591 383 646 et
414 587 470 647 hoc
504 587 584 663 quod
619 590 767 647 venerunt
803 587 914 647 adserit
950 608 1011 646 non
1047 588 1203 647 voluntate

186 678 354 753 cuiuspiam
380 678 507 752 factum,
536 676 587 737 sed
615 679 646 736 vi
673 679 765 736 maris
789 680 820 736 et
842 679 1018 736 necessitate
1041 678 1204 752 turbinum,

186 766 295 843 quibus
314 766 471 825 constabat
490 766 634 825 Troianos
657 786 718 826 non
740 768 803 825 iam
821 766 936 825 venisse
956 767 993 824 ad
1005 764 1204 845 'Carthaginis

158 857 295 932 spartis,
327 855 380 915 sed
411 854 451 913 ad
484 854 673 933 Carthaginis
713 856 804 915 litora
839 856 1049 933 naufragantis
1086 855 1204 915 eiectos.

184 946 289 1004 multis
312 944 406 1022 igitur
429 943 560 1003 ostendit
583 963 669 1003 suam
692 964 873 1020 suorumque
896 946 1107 1019 innocentiam,
1127 963 1203 1019 quae

186 1036 287 1094 omnia
320 1034 443 1092 fortiore
476 1036 652 1111 argumento
686 1035 852 1094 cumulavit
884 1032 1008 1092 dicendo
1039 1037 1080 1092 est
1106 1034 1257 1101 ternanto

185 1124 363 1197 Hesperiam
392 1122 469 1181 Grai
496 1124 662 1195 copnnnine
689 1124 802 1192 dicunt,
831 1127 910 1182 terra
937 1124 1072 1196 antiqua,
1099 1125 1205 1195 potens

186 1215 280 1271 aruris
304 1215 389 1284 atque
406 1213 493 1270 ubere
509 1211 638 1285 piaebae,
659 1211 778 1271 Oenotri
797 1214 909 1271 coluere
926 1214 1000 1271 oiri:
1022 1228 1101 1270 nunc
1118 1212 1204 1283 furna

146 1321 173 1360 no
186 1303 313 1360 minores
331 1301 454 1359 Italiam
472 1302 581 1359 dense
599 1303 683 1360 ducis
702 1302 737 1360 cte
753 1304 870 1360 nornine
886 1305 1006 1375 pentem.
1036 1302 1083 1359 bie
1101 1315 1205 1370 cursus

185 1393 252 1463 fnit,
277 1407 343 1449 curn
365 1390 459 1448 subito
482 1391 645 1464 adsurgens
667 1392 759 1462 fluctu
780 1392 930 1449 nimbosus
952 1390 1044 1450 Orien
1066 1391 1099 1448 in
1116 1389 1258 1448 redacto

187 1498 273 1538 caeca
297 1478 363 1536 tulit
379 1481 556 1552 penitusque
572 1481 750 1552 procacibus
773 1483 883 1539 austris
901 1499 1014 1553 perque
1035 1481 1134 1539 undas
1157 1496 1205 1536 su·

181 1572 307 1642 perante
329 1569 392 1626 sale
410 1586 522 1642 perque
543 1570 629 1627 inuia
650 1585 726 1628 sana
749 1568 884 1641 dispulit,
912 1570 968 1627 bue
985 1570 1079 1643 pauci
1101 1569 1206 1627 vestris

187 1659 366 1716 adnavimus
383 1659 451 1715 oris.
483 1660 513 1715 et
531 1658 664 1716 locorum
683 1661 714 1716 et
732 1658 887 1717 hominum
906 1656 1097 1737 Carthaginis
1116 1659 1206 1735 plena

145 1766 173 1806 15
187 1747 379 1819 deformatio,
407 1745 459 1804 sed
485 1766 546 1805 non
574 1749 686 1821 aperta.
732 1766 803 1805 nam
826 1766 894 1806 oum
916 1747 1022 1806 laudat
1043 1747 1139 1823 partis
1168 1745 1207 1805 ad

188 1854 262 1910 quus
283 1834 433 1918 tendebat,
453 1836 496 1893 sic
514 1836 575 1895 illis
594 1835 719 1914 derogat
737 1835 776 1895 ad
795 1855 869 1912 quas
888 1838 1001 1895 invitus
1021 1838 1132 1895 eiectus
1152 1838 1206 1895 est.

186 1925 313 1998 ibamus,
331 1924 440 2000 inquit,
459 1924 498 1982 ad
521 1927 649 1999 optimas
672 1928 768 1985 terras
790 1926 909 2000 Italiae,
927 1925 1034 1983 uberes
1058 1929 1088 1985 et
1107 1927 1206 2001 copio-

187 2032 249 2085 sae,
283 2032 357 2088 quas
390 2013 493 2071 colunt
521 2012 645 2073 Oenotri
676 2014 736 2073 viri
769 2017 821 2090 qui
851 2032 929 2073 nune
956 2014 1029 2073 Itali
1057 2014 1207 2088 dicuntur,

187 2102 296 2178 optimi
323 2104 427 2177 utique
455 2106 486 2160 et
512 2103 679 2178 praecipui,
707 2104 759 2162 sed
786 2104 930 2163 existente
954 2102 1073 2162 Orionis
1102 2102 1206 2176 sidere,

144 2213 173 2252 so
188 2194 252 2250 sine
271 2190 363 2249 dubio
383 2191 508 2250 adversa
520 2193 644 2250 fortuna
657 2196 846 2271 expugnante
861 2192 1049 2252 commodum
1062 2194 1207 2264 nostrum,

188 2300 256 2339 eum
283 2280 445 2339 violentiae
472 2282 574 2359 pelagi
600 2300 661 2340 non
687 2282 853 2341 valeremus
877 2281 1028 2355 obsistere,
1051 2283 1084 2339 in
1106 2282 1207 2339 vestra

187 2370 279 2429 litora
310 2370 366 2428 hoe
394 2373 439 2428 est
466 2371 499 2429 in
526 2371 703 2429 solitudines
736 2373 767 2429 et
797 2371 977 2430 horrendam
1009 2370 1207 2429 desertionem

188 2476 290 2519 sumus
318 2459 446 2534 adpulsi.
493 2461 560 2535 quis
588 2478 659 2537 ergo
687 2460 800 2520 relictis
832 2459 1005 2519 melioribus
1037 2461 1137 2537 pergit
1169 2459 1208 2518 ad

189 2549 347 2622 deteriora,
365 2550 425 2607 nisi
444 2550 573 2623 quinon
592 2568 655 2622 suo,
674 2548 727 2607 sed
746 2549 870 2608 arbitrio
890 2548 1070 2625 conpellitur
1088 2546 1207 2607 alieno?

144 2657 174 2697 as
189 2638 215 2696 si
242 2637 338 2714 igitur
364 2656 424 2695 non
452 2641 557 2713 sponte
583 2640 731 2713 venimus,
761 2641 886 2714 apparet
913 2656 967 2697 nos
992 2638 1110 2697 nullum
1132 2639 1207 2696 infe-

188 2724 299 2785 rendae
322 2726 484 2786 violentiae
508 2727 641 2785 studium
664 2746 774 2803 gerere.
818 2729 871 2803 qui
894 2729 974 2787 enim
996 2727 1070 2786 haee
1093 2728 1208 2805 cogitat

189 2815 341 2873 destinata
363 2815 429 2874 loca
453 2819 483 2875 et
507 2815 544 2873 ed
567 2816 712 2891 praedam
735 2816 882 2893 disposita
901 2820 1005 2893 sponte
1025 2816 1207 2895 adgreditur,

189 2908 295 2980 sponte
319 2908 454 2980 occupat,
478 2906 583 2981 sponte
606 2905 725 2964 invadit
748 2908 778 2965 et
801 2906 918 2982 aliquid
935 2906 1022 2985 eligit
1039 2906 1072 2965 in
1091 2925 1149 2981 quo
1168 2906 1208 2963 sit

188 2993 310 3051 uberior
336 2994 456 3068 praeda.
503 2994 734 3069 descriptionem
757 2997 909 3073 naufragii
932 3014 992 3054 non
1014 2994 1128 3054 frustra
1155 3012 1208 3070 po-

143 3104 174 3146 so
189 3084 264 3154 suit3
301 3102 371 3140 nam
403 3084 492 3142 huius
524 3082 651 3142 adiectio
684 3083 784 3159 potuit
814 3103 934 3144 movere
963 3084 1208 3143 miserieordiam.

263 3223 430 3271 ‘tacuerunt
446 3219 472 3270 R
490 3224 622 3272 uenerant
639 3218 660 3269 L
680 3218 723 3271 ed.
750 3220 753 3288 l
783 3219 887 3272 adserit
905 3235 958 3271 om.
974 3219 1017 3271 ed.
1048 3220 1052 3286 Ι
1081 3234 1138 3270 non
1156 3216 1208 3269 Lll

188 3306 247 3342 nen
265 3296 332 3343 esset
349 3290 392 3343 ed.
471 3296 486 3344 5
505 3290 700 3344 seat-eiectos
719 3289 845 3357 corrupit
863 3289 905 3343 ed.
985 3294 1001 3343 8
1022 3289 1106 3343 Graii
1123 3287 1144 3339 L
1164 3288 1207 3349 ed.

189 3360 226 3413 cf.
248 3364 309 3413 467.
383 3366 398 3413 9
420 3361 543 3415 Oenotrii
560 3361 582 3412 L
601 3360 644 3413 ed.
664 3361 753 3415 enutri
770 3360 796 3413 R
870 3365 902 3413 10
921 3361 965 3414 bic
983 3360 1035 3412 LR
1058 3360 1110 3413 buc
1129 3359 1172 3412 ed.

191 3438 223 3483 11
244 3432 321 3497 (lictu
339 3431 365 3483 R
384 3449 452 3485 corr.
472 3450 492 3485 r.
568 3432 777 3485 reatensibus
794 3430 820 3483 R
839 3447 908 3485 corr.
928 3450 948 3484 r.
1015 3436 1047 3483 18
1066 3431 1210 3485 coluerunt

190 3503 233 3555 ed.
314 3508 346 3554 19
365 3504 453 3557 sidere
471 3503 523 3555 LR
541 3504 636 3558 scelere
655 3502 699 3555 cd.
779 3508 813 3555 21
829 3503 925 3573 pelagi
941 3502 994 3554 LR
1010 3502 1110 3572 plagae
1129 3501 1171 3554 ed.

190 3580 225 3626 24
244 3574 347 3627 teriora
365 3575 418 3627 LR
437 3591 505 3628 corr.
524 3574 586 3628 LII
599 3590 673 3627 man
693 3592 708 3626 r
727 3573 769 3627 ed.
834 3579 868 3627 25
887 3590 937 3628 nos
955 3573 1063 3627 nullum
1082 3573 1134 3625 LR
1151 3588 1210 3625 nou

189 3646 277 3768 zlssim
293 3644 359 3697 edF.
376 3647 380 3717 l
397 3646 558 3769 {insa-eneae
572 3644 679 3700 omed.
732 3651 766 3699 26
781 3646 848 3700 baec
859 3644 981 3699 liltboc
995 3644 1044 3698 eb.
1091 3648 1134 3694 ‘aa
1148 3643 1233 3703 uenit

263 3732 329 3767 corr.
348 3731 422 3770 re.
