2734 4159
482 355 485 359 -
509 351 511 354 -
592 312 808 375 AENEIDOSI
1165 313 1206 377 21

189 484 305 560 pathos>
314 484 413 560 ipsum
423 483 600 542 admittitur
618 502 678 542 non
697 482 878 541 adscribitur
895 483 1010 543 homini
1029 486 1084 559 qui
1097 483 1209 543 maiore

189 575 221 633 ri
251 576 371 632 coactus
400 571 517 647 aliquid
540 571 633 631 officit
655 571 736 648 quod
759 572 918 631 contrahat
941 574 1061 631 crimen.
1106 572 1210 632 Aiacis

190 680 263 739 ergo
286 663 401 720 factum
424 662 519 721 levius
542 663 625 734 facit,
644 665 678 720 ut
702 661 840 719 ostendat
863 662 958 721 voluti
981 664 1120 740 graviora
1142 680 1209 738 pec·

189 755 260 821 cata
282 750 493 823 Troianorum,
521 769 598 827 quae
621 769 680 809 non
704 753 797 809 erant.
844 750 972 826 denique
1001 771 1068 810 cum
1092 770 1210 810 enume-

145 843 273 901 ¹araret
298 842 389 916 poeta
419 841 555 916 superius
586 839 746 899 incidentis
778 839 950 899 iracundiae
983 858 1101 914 causas,
1134 840 1209 899 alios

189 929 269 987 dixit
296 928 469 1005 deliquisse,
496 929 548 1004 qui
576 928 629 987 illo
657 932 791 1005 tempore
820 947 881 1003 quo
908 928 1025 988 Aeneas
1053 948 1120 988 cum
1148 930 1210 988 suis
1262 972 1264 975 ψ

188 1017 357 1096 navigabat
378 1037 439 1078 non
463 1017 628 1078 adfuerant.
671 1019 798 1093 denique
818 1036 872 1076 uec
890 1018 976 1077 Paris
994 1036 1133 1094 praesens
1152 1018 1212 1077 tuit

188 1126 246 1167 nec
269 1104 466 1183 Ganymedes,
485 1126 612 1182 quorum
635 1126 670 1164 ex
693 1108 774 1166 facto
798 1108 902 1182 utique
925 1126 985 1166 uon
1009 1106 1112 1165 debuit
1135 1108 1210 1167 alios

189 1198 360 1273 opprimere
385 1197 437 1271 qui
458 1196 536 1255 nihil
559 1196 749 1255 admiserant.
789 1198 821 1254 in
840 1195 920 1255 facto
939 1200 1041 1255 tamen
1059 1195 1211 1255 Minervae

149 1307 176 1347 ro
190 1284 400 1345 consideratur
416 1284 573 1344 irascentis
591 1285 704 1344 iniusta
722 1287 879 1359 sententia,
895 1305 970 1361 quae
989 1304 1049 1343 non
1068 1287 1212 1344 tractavit

188 1376 395 1434 innocentium]
420 1375 453 1433 in
471 1374 529 1432 'illa
551 1391 648 1449 poena
667 1376 858 1449 consortium,
878 1374 1038 1434 dmnmodo
1057 1391 1126 1432 oum
1143 1374 1210 1433 illo·

188 1484 258 1523 rum
282 1463 354 1523 licet
371 1464 484 1523 iniusto
504 1464 653 1540 supplicio
671 1463 810 1539 perderet
827 1465 990 1522 inimicum.
1036 1463 1211 1538 disiecitque

189 1559 347 1626 rateque,
365 1555 392 1610 si
415 1554 493 1611 forte
516 1553 609 1611 alicui
631 1554 807 1632 contigisset
830 1553 962 1624 evadere,
981 1552 1105 1612 haberet
1127 1552 1211 1611 navi·

171 1641 286 1720 ‘gandi
305 1640 479 1701 subsidium.
513 1643 679 1716 evertitque
699 1660 829 1716 aequora
847 1642 945 1701 ventis
965 1643 1062 1701 alieno
1085 1642 1211 1719 imperio

148 1753 175 1792 ιι
190 1751 260 1806 usa,
287 1730 344 1789 hoo
372 1733 419 1790 est
447 1749 514 1788 cum
541 1730 623 1789 Iovis
655 1731 768 1789 fulmen
799 1733 958 1807 arriperet,
991 1734 1021 1790 et
1052 1732 1211 1809 imperium

190 1820 328 1896 Neptuni
358 1822 486 1895 sumpsit
511 1819 676 1895 habuitque
705 1818 736 1878 in
760 1823 864 1879 ventos
887 1820 1010 1879 iubendi
1032 1823 1212 1896 potestatem

190 1910 248 1985 qui
271 1909 395 1968 alterius
418 1910 545 1984 imperio
568 1907 757 1985 regebantur.
791 1910 977 1985 exprimitur
994 1911 1043 1967 hio
1061 1912 1157 1987 magis
1177 1927 1212 1966 ac

190 2000 290 2075 magis
313 1999 469 2056 irascentis
488 1997 641 2056 Minervae
665 1998 818 2069 violentia,
838 2017 905 2057 cum
923 1998 1025 2057 Aiacis
1048 1998 1143 2073 ipsius
1163 1996 1210 2055 de·

189 2090 378 2147 monstratur
408 2088 563 2160 interituS,
597 2086 676 2145 unde
709 2087 832 2147 lunonis
860 2089 977 2146 animus
1007 2086 1211 2161 torquebatur.

147 2199 176 2237 ao
189 2175 319 2251 perditis
347 2178 427 2234 enim
450 2174 571 2235 Graecis
594 2175 720 2235 navibus
744 2179 775 2234 ct
797 2176 926 2235 innoxiis
949 2175 1119 2234 hominibus
1138 2193 1211 2234 nau·

189 2265 289 2342 fregio
313 2266 423 2341 pressis
448 2263 552 2323 debuit
575 2267 704 2325 auctoris
728 2265 856 2323 offensae
880 2266 1001 2343 gravius
1030 2264 1212 2341 supplicium

190 2355 403 2426 demonstrari,
430 2374 468 2413 ne
494 2372 563 2413 reus
592 2373 659 2412 cum
689 2352 857 2413 insontibus
885 2374 945 2413 una
967 2356 1093 2429 parique
1115 2372 1212 2430 poena

189 2443 344 2503 videretur
376 2442 522 2502 adflictus.
573 2442 674 2516 illum,
706 2444 820 2518 inquit,
853 2445 1038 2519 expirantem
1068 2443 1212 2503 transfixo

190 2534 313 2609 pectore
337 2532 473 2591 flammas
491 2531 613 2590 turbine
633 2534 779 2608 corripuit
798 2533 979 2608 scopuloque
998 2531 1097 2591 infixit
1116 2536 1212 2593 acuto.

148 2643 175 2682 rs
190 2620 386 2695 illnmquod
409 2622 486 2679 dixit
509 2625 539 2680 et
562 2623 625 2680 eius
649 2640 758 2680 nomen
781 2623 959 2697 suppressit,
983 2622 1039 2681 hoo
1062 2625 1108 2681 est
1131 2621 1213 2698 quod

190 2710 332 2787 plurimis
360 2709 434 2770 locis
458 2710 599 2785 diximus,
627 2728 771 2788 magnum
793 2710 980 2770 intellectum
1004 2731 1038 2770 ex
1061 2712 1212 2787 pronomi-

190 2799 280 2858 nibus
304 2801 402 2874 nasoi3
429 2819 500 2858 nam
522 2799 647 2859 dicendo
670 2799 758 2857 illum
781 2800 837 2858 hoc
860 2800 926 2859 vult
948 2800 1097 2877 intellegi:
1124 2800 1212 2859 illum

190 2889 395 2962 temerarium,
413 2888 500 2947 illum
522 2888 785 2962 inconsideratum,
804 2890 891 2948 illum
914 2891 1102 2968 sacrilegum,
1124 2890 1213 2947 illum

190 2978 366 3054 profanum,
393 2977 482 3036 illum
506 2978 558 3053 qui
580 2980 613 3036 in
636 2978 749 3053 templo
773 2978 859 3052 deae,
886 2981 918 3037 in
941 2979 1054 3055 templo
1077 2977 1212 3056 virginis,

147 3090 176 3129 eo
191 3070 262 3126 ante
285 3066 367 3143 ipsas
391 3085 472 3142 aras,
499 3070 532 3125 in
555 3071 715 3143 conspectu
738 3067 868 3135 numinis
891 3069 1007 3145 regiam
1029 3067 1213 3128 sacerdotem

190 3157 339 3215 intactam
371 3158 475 3233 stupro
508 3156 643 3217 violavit.
700 3158 884 3233 expirantem
917 3157 1059 3215 transfixo
1092 3157 1212 3230 pectore

190 3247 343 3321 flammas,
380 3248 443 3305 sine
476 3245 566 3304 dubio
602 3245 738 3304 flammas
775 3264 843 3304 oum
880 3245 981 3306 anima
1018 3245 1212 3321 expirantem,

191 3334 337 3395 transfixa
364 3336 479 3394 scilicet
505 3334 630 3394 fulmine
658 3354 694 3394 ea
722 3335 854 3410 eorporis
877 3338 963 3410 parte
988 3354 1049 3410 qua
1071 3350 1213 3409 percussa

212 3455 216 3554 ι,
246 3453 349 3541 Ι(ἰιῖὶο
362 3486 416 3540 aa
433 3453 526 3569 eoed.
568 3493 616 3569 ,12
635 3489 698 3542 licet
716 3504 769 3542 om.
785 3488 829 3547 ed.
886 3492 919 3540 14
937 3485 1213 3569 evertitque-comte

208 3629 454 3685 t
467 3558 862 3697 urbtrtatss
875 3561 1237 3697 tro,

189 3647 436 3769 dulminepffmfl
452 3700 479 3753 R
497 3646 615 3757 oguled,
632 3702 750 3775 [partis
767 3674 828 3761 Mt
843 3723 918 3762 0011,
936 3722 952 3758 1
975 3703 1022 3760 qd,
