2734 4159
573 328 757 384 AENEIDOS
777 328 815 384 Vl
1139 329 1203 395 567

182 498 268 575 apud
280 498 394 557 inferos
406 500 517 573 posset,
540 499 683 574 quoniam
701 499 766 557 illic
784 497 913 576 <legebat
926 498 1090 574 eademque
1104 499 1205 574 loque·

183 587 284 646 batur.
326 588 352 647 si
371 606 431 663 qua
449 586 530 662 fides,
552 588 661 663 inquit,
684 589 827 663 quoniam
845 587 996 647 nesciebat
1016 587 1093 663 quod
1113 605 1206 666 genus

182 676 383 736 iurisiurandi
401 676 481 751 apud
499 676 610 735 inferos
629 675 796 752 haberetur,
819 676 921 752 posuit
938 677 1109 754 generalem
1126 679 1206 735 iura·

184 766 303 825 tionem
315 764 415 825 dicens
430 766 496 825 iuro
514 784 568 842 per
586 765 683 838 fidem,
703 765 728 824 si
747 784 808 841 qua
826 766 857 823 in
871 765 918 824 his
937 766 1009 825 locis
1025 770 1078 824 aut
1097 766 1206 824 colitur

151 858 242 914 saut
264 854 395 913 timetur.
441 855 560 923 invitae,
582 857 698 928 regina,
727 858 775 913 tao
798 856 834 913 de
856 854 940 914 litore
962 856 1047 913 cessi:
1074 874 1133 913 non
1156 858 1260 930 tesso

183 942 298 1019 inquit,
320 943 394 1021 fugi,
418 943 469 1003 sed
492 944 643 1019 potiorum
660 943 842 1003 iussionibus
861 944 944 1003 cessi.
986 944 1066 1019 quod
1085 943 1128 1003 ait
1151 946 1205 1004 tuo

185 1032 223 1093 de
247 1031 350 1106 litore,
372 1033 429 1091 hoc
451 1032 517 1092 vult
544 1032 694 1111 intellegi,
722 1035 756 1091 ut
778 1033 892 1094 relictis
919 1033 1057 1093 litoribus
1082 1031 1206 1092 Cartha-

186 1120 268 1201 ginis
300 1121 367 1197 ipsa
397 1123 499 1181 tamen
526 1121 605 1181 Dido
638 1124 747 1181 animis
774 1122 893 1182 Aeneae
925 1125 1076 1182 teneretur
1106 1121 1206 1180 infixa.

185 1210 240 1271 sed
261 1227 308 1269 mc
328 1211 413 1270 iresca
435 1209 534 1279 deam,
562 1229 637 1285 qaae
658 1228 739 1270 amre
764 1212 819 1269 leae
848 1214 892 1270 c're
913 1228 970 1284 per
991 1211 1126 1279 umbras,
1149 1228 1207 1285 per

138 1320 171 1360 ro
185 1302 252 1359 loca
274 1304 358 1359 senta
379 1302 440 1361 eila
461 1304 566 1374 capeat
586 1305 751 1373 noctemque
769 1300 955 1375 profandam
977 1301 1108 1373 imperiis
1127 1316 1207 1374 egere

185 1390 260 1457 sais,
283 1406 336 1449 aec
358 1388 474 1448 creden
496 1390 577 1463 quiet
598 1390 676 1449 heac
698 1392 813 1449 aaran
835 1390 887 1449 tibi
909 1406 954 1448 me
978 1390 1107 1449 discesso
1129 1391 1207 1462 serre

186 1478 331 1537 dolorem
358 1479 500 1553 quoniam
521 1480 642 1555 poterat
664 1478 737 1537 fides
761 1480 854 1538 etiam
876 1479 990 1538 iuranti
1012 1498 1072 1538 non
1093 1478 1207 1553 baberi,

185 1567 237 1627 vel
258 1566 387 1626 maxime
411 1569 440 1627 ei
462 1566 514 1644 qui
538 1567 620 1644 apud
638 1586 761 1643 superos
780 1567 909 1643 perfidus
929 1568 1084 1642 extitisset,
1107 1587 1207 1643 sump-

185 1659 253 1715 tum
272 1675 291 1713 a
309 1656 375 1716 loco
394 1659 425 1714 et
443 1658 576 1732 tempore
595 1659 698 1733 rapuit
716 1661 936 1735 argumentum,
960 1676 1018 1733 quo
1038 1657 1208 1717 ostenderet

145 1761 171 1804 15
186 1763 220 1806 se
247 1745 424 1821 conpulsum
453 1744 576 1804 deorum
602 1748 692 1806 iussis
721 1744 934 1825 0a1thaginem
961 1747 1126 1823 reliquisse.
1172 1749 1208 1805 ut

185 1835 275 1908 scias,
297 1835 406 1910 inquit,
429 1853 476 1893 me
498 1835 611 1894 maiore
630 1837 661 1894 vi
683 1835 744 1895 tuis
768 1837 856 1895 terris
880 1835 1040 1911 exclusum,
1064 1856 1099 1894 ex
1121 1854 1207 1911 prae·

185 1923 323 1983 sentibus
341 1924 449 1999 proba,
472 1943 532 1984 non
551 1926 631 1983 enim
649 1923 689 1984 ad
706 1925 761 1983 has
779 1925 916 1984 tenebras
936 1928 966 1984 et
979 1925 1046 1984 loca
1060 1925 1208 1983 horrenda

185 2012 285 2072 libens
309 2016 364 2072 aut
385 2012 542 2073 voluntate
571 2012 723 2088 descendi,
752 2015 812 2089 ipsi
834 2017 905 2073 sunt
933 2018 1068 2074 auctores
1095 2014 1207 2073 laboris

185 2102 277 2161 istius
296 2102 350 2178 qui
369 2102 490 2161 fuerunt
513 2102 634 2178 dudum,
652 2121 721 2162 cum
743 2105 856 2162 invitus
880 2102 1068 2161 abstraherer
1092 2121 1110 2161 a
1132 2102 1208 2161 sedi-

138 2211 170 2252 so
185 2190 245 2250 bus
267 2192 344 2264 tuis,
367 2190 447 2267 quod
469 2209 535 2250 cum
558 2191 655 2265 fieret,
683 2194 842 2251 aestimare
869 2211 929 2251 non
956 2191 1041 2266 potui
1070 2191 1107 2248 ad
1134 2192 1208 2249 haec

186 2282 219 2339 te
248 2298 310 2340 esse
333 2282 491 2338 venturam
518 2280 671 2341 abscessus
701 2280 759 2339 mei
787 2299 885 2339 causa.
938 2280 1124 2357 intellegitur
1152 2279 1208 2338 hoc

187 2369 313 2428 Aenean
337 2368 509 2428 additurum
532 2371 638 2429 fuisse:
662 2370 904 2445 contempsissem
924 2370 1024 2427 omnia
1043 2371 1073 2426 et
1091 2386 1207 2426 reman-

186 2459 307 2532 sissem,
336 2459 362 2517 si
388 2459 582 2534 praescissem
611 2459 689 2517 hunc
719 2462 749 2517 te
778 2458 950 2517 habituram
978 2459 1090 2516 exitum
1117 2457 1207 2533 vitae,

187 2566 250 2606 non
279 2546 351 2622 quia
379 2566 448 2606 vere
476 2552 664 2607 contemnere
691 2547 791 2624 potuit
820 2546 944 2606 deorum
972 2548 1067 2620 iussa,
1093 2546 1146 2609 sed
1173 2549 1208 2604 ut

141 2653 173 2696 ss
187 2635 344 2696 mendacio
373 2636 529 2695 verisimili
556 2638 690 2714 placaret
718 2656 795 2696 eam.
812 2656 902 2711 quam
932 2637 975 2695 sic
1001 2636 1143 2709 laeserat,
1173 2638 1208 2692 ut

186 2726 270 2786 vitae
293 2743 364 2783 suae
388 2744 504 2784 cursum
529 2726 630 2804 gladio
649 2726 851 2802 praecidisset.
893 2744 959 2784 ecce
978 2743 1048 2784 usus
1071 2728 1116 2784 est
1134 2727 1207 2798 arte,

187 2816 224 2873 ut
247 2813 328 2890 quod
351 2833 460 2893 negare
483 2834 542 2874 non
566 2817 686 2891 poterat
708 2815 856 2874 fateretur
882 2814 963 2874 ultro
991 2817 1021 2873 et
1048 2814 1130 2872 iusta
1158 2812 1208 2871 de·

187 2904 324 2963 fensione
347 2906 499 2981 purgaret.
545 2907 692 2980 quantum
716 2906 816 2963 autem
845 2904 947 2962 odium
974 2905 1066 2962 etiam
1089 2904 1209 2961 mortua

187 2994 332 3052 retineret
356 3012 391 3050 ex
414 3011 448 3052 eo
471 3012 531 3052 non
555 2994 691 3067 obscure,
715 2993 766 3052 sed
790 2993 943 3052 evidenter
967 2992 1111 3066 ostendit,
1139 3010 1208 3049 cum

142 3101 173 3143 sa
187 3100 252 3142 sese
276 3080 427 3157 proripuit
449 3084 575 3141 tacitam
598 3101 652 3141 nec
675 3082 844 3158 expectavit
862 3081 1021 3141 verborum
1043 3081 1131 3139 finem
1154 3098 1208 3139 nec

188 3169 307 3247 aliquid
334 3170 401 3246 ipsa
426 3171 603 3247 respondit.⁴
645 3171 761 3231 Aeneas
791 3179 892 3231 tamen
920 3190 987 3231 cum
1014 3169 1130 3228 videret
1158 3168 1208 3227 ab·

189 3262 319 3333 euntem,
341 3260 447 3318 relicto
471 3260 550 3336 quod
572 3260 699 3335 dicebat,
722 3264 757 3319 ut
780 3260 949 3320 ostenderet
968 3278 998 3318 se
1017 3260 1114 3317 teneri
1132 3257 1208 3317 desi-

188 3349 273 3410 derio
292 3348 365 3423 eius,
387 3350 464 3418 siste,
486 3351 597 3425 inquit,
617 3350 747 3424 prodeas
770 3354 850 3423 teque
873 3352 990 3422 aspecta
1008 3366 1045 3407 ae
1061 3348 1199 3406 subtrahe
1209 3351 1262 3402 46⁶

264 3508 278 3556 1
298 3500 407 3555 decebat
424 3500 449 3554 V
469 3519 537 3556 corr.
553 3501 596 3555 ed.
678 3507 694 3554 2
714 3504 758 3570 qia
778 3504 821 3564 (τ-
837 3500 979 3570 quoniam)
999 3499 1025 3553 V
1043 3501 1111 3568 qaia
1128 3499 1171 3552 ed.

188 3579 224 3629 16
238 3590 281 3629 me
294 3575 423 3627 maiorem
438 3574 523 3627 vitais
531 3571 564 3627 V.
622 3577 654 3625 17
665 3572 791 3641 probaV
802 3574 953 3641 probantes
967 3571 1010 3624 ed.
1067 3576 1101 3623 20
1116 3572 1210 3625 existi-

185 3661 266 3700 mare
284 3644 327 3699 ed.
393 3650 426 3697 23
441 3645 647 3713 praescivissem
666 3643 709 3697 ed.
779 3650 813 3697 26
831 3644 982 3711 praediscat
1000 3641 1026 3695 V
1045 3658 1113 3696 corr.
1129 3642 1172 3694 ed.

187 3721 224 3771 32
243 3716 338 3771 relicto
356 3714 381 3769 V
399 3717 510 3785 reliquit
529 3715 571 3769 ed.
