<?xml version="1.0" encoding="UTF-8"?>
<!DOCTYPE html PUBLIC "-//W3C//DTD XHTML 1.0 Transitional//EN"
    "http://www.w3.org/TR/xhtml1/DTD/xhtml1-transitional.dtd">
<html xmlns="http://www.w3.org/1999/xhtml" xml:lang="en" lang="en">
 <head>
  <title>
</title>
<meta http-equiv="Content-Type" content="text/html;charset=utf-8" />
  <meta name='ocr-system' content='tesseract 3.04.00' />
  <meta name='ocr-capabilities' content='ocr_page ocr_carea ocr_par ocr_line ocrx_word'/>
</head>
<body>
  <div class='ocr_page' id='page_1' title='image "./tibericlaudidon02georgoog_0224.png"; bbox 0 0 2734 4159; ppageno 0'>
   <div class='ocr_carea' id='block_1_1' title="bbox 573 330 1197 403">
    <p class='ocr_par' dir='ltr' id='par_1_1' title="bbox 573 330 1197 403">
     <span class='ocr_line' id='line_1_1' title="bbox 573 330 1197 403; baseline 0.003 -18"><span class='ocrx_word' id='word_1_1' title='bbox 573 330 802 403; x_wconf 76' lang='lat' dir='ltr'>muunosn</span> <span class='ocrx_word' id='word_1_2' title='bbox 1134 332 1197 398; x_wconf 68' lang='lat'>175</span> 
     </span>
    </p>
   </div>
   <div class='ocr_carea' id='block_1_2' title="bbox 142 500 1288 3333">
    <p class='ocr_par' dir='ltr' id='par_1_2' title="bbox 142 500 1288 3333">
     <span class='ocr_line' id='line_1_2' title="bbox 185 500 1197 576; baseline 0.006 -20"><span class='ocrx_word' id='word_1_3' title='bbox 185 521 251 557; x_wconf 82' lang='lat' dir='ltr'>cum</span> <span class='ocrx_word' id='word_1_4' title='bbox 274 500 365 575; x_wconf 74' lang='lat' dir='ltr'>fleret,</span> <span class='ocrx_word' id='word_1_5' title='bbox 389 502 582 559; x_wconf 78' lang='lat' dir='ltr'><strong>aestimantes</strong></span> <span class='ocrx_word' id='word_1_6' title='bbox 605 500 674 559; x_wconf 88' lang='lat' dir='ltr'>illas</span> <span class='ocrx_word' id='word_1_7' title='bbox 697 500 837 559; x_wconf 74' lang='lat' dir='ltr'>lacrimas</span> <span class='ocrx_word' id='word_1_8' title='bbox 860 520 931 561; x_wconf 86' lang='lat' dir='ltr'>vero</span> <span class='ocrx_word' id='word_1_9' title='bbox 954 521 1055 562; x_wconf 90' lang='lat' dir='ltr'>morsu</span> <span class='ocrx_word' id='word_1_10' title='bbox 1078 502 1197 576; x_wconf 86' lang='lat' dir='ltr'>doloris,</span> 
     </span>
     <span class='ocr_line' id='line_1_3' title="bbox 185 588 1198 666; baseline 0.005 -21"><span class='ocrx_word' id='word_1_11' title='bbox 185 608 243 646; x_wconf 92' lang='lat' dir='ltr'>non</span> <span class='ocrx_word' id='word_1_12' title='bbox 271 588 375 646; x_wconf 86' lang='lat' dir='ltr'>fraude</span> <span class='ocrx_word' id='word_1_13' title='bbox 403 590 574 648; x_wconf 86' lang='lat' dir='ltr'>mentientis</span> <span class='ocrx_word' id='word_1_14' title='bbox 602 589 722 647; x_wconf 75' lang='lat' dir='ltr'>effimdi.</span> <span class='ocrx_word' id='word_1_15' title='bbox 774 588 854 664; x_wconf 91' lang='lat' dir='ltr'>quod</span> <span class='ocrx_word' id='word_1_16' title='bbox 880 592 924 648; x_wconf 89' lang='lat' dir='ltr'>ait</span> <span class='ocrx_word' id='word_1_17' title='bbox 952 593 1032 666; x_wconf 88' lang='lat' dir='ltr'>capti</span> <span class='ocrx_word' id='word_1_18' title='bbox 1063 592 1139 650; x_wconf 88' lang='lat' dir='ltr'>dolis</span> <span class='ocrx_word' id='word_1_19' title='bbox 1167 596 1198 650; x_wconf 92' lang='lat' dir='ltr'>et</span> 
     </span>
     <span class='ocr_line' id='line_1_4' title="bbox 184 679 1197 757; baseline 0.006 -23"><span class='ocrx_word' id='word_1_20' title='bbox 184 680 316 735; x_wconf 78' lang='lat' dir='ltr'>lacrimis</span> <span class='ocrx_word' id='word_1_21' title='bbox 349 679 472 751; x_wconf 80' lang='lat' dir='ltr'>coactis,</span> <span class='ocrx_word' id='word_1_22' title='bbox 504 682 573 753; x_wconf 89' lang='lat' dir='ltr'>post</span> <span class='ocrx_word' id='word_1_23' title='bbox 603 679 760 737; x_wconf 82' lang='lat' dir='ltr'>interitum</span> <span class='ocrx_word' id='word_1_24' title='bbox 788 680 941 757; x_wconf 84' lang='lat' dir='ltr'>cognitum</span> <span class='ocrx_word' id='word_1_25' title='bbox 967 682 1026 754; x_wconf 84' lang='lat' dir='ltr'>est,</span> <span class='ocrx_word' id='word_1_26' title='bbox 1057 700 1117 739; x_wconf 89' lang='lat' dir='ltr'>non</span> <span class='ocrx_word' id='word_1_27' title='bbox 1144 679 1197 740; x_wconf 91' lang='lat' dir='ltr'>illo</span> 
     </span>
     <span class='ocr_line' id='line_1_5' title="bbox 184 765 1199 844; baseline 0.005 -21"><span class='ocrx_word' id='word_1_28' title='bbox 184 771 317 841; x_wconf 81' lang='lat' dir='ltr'>tempore</span> <span class='ocrx_word' id='word_1_29' title='bbox 351 786 410 841; x_wconf 85' lang='lat' dir='ltr'>quo</span> <span class='ocrx_word' id='word_1_30' title='bbox 441 765 533 825; x_wconf 87' lang='lat' dir='ltr'>Sinon</span> <span class='ocrx_word' id='word_1_31' title='bbox 565 766 753 842; x_wconf 78' lang='lat' dir='ltr'><strong>loquebatur.</strong></span> <span class='ocrx_word' id='word_1_32' title='bbox 799 765 876 827; x_wconf 88' lang='lat' dir='ltr'>dolis</span> <span class='ocrx_word' id='word_1_33' title='bbox 908 786 979 826; x_wconf 86' lang='lat' dir='ltr'>vero</span> <span class='ocrx_word' id='word_1_34' title='bbox 1011 771 1093 844; x_wconf 88' lang='lat' dir='ltr'>capti</span> <span class='ocrx_word' id='word_1_35' title='bbox 1123 769 1199 828; x_wconf 88' lang='lat' dir='ltr'>hanc</span> 
     </span>
     <span class='ocr_line' id='line_1_6' title="bbox 157 855 1199 934; baseline 0.003 -20"><span class='ocrx_word' id='word_1_36' title='bbox 157 856 276 914; x_wconf 77' lang='lat' dir='ltr'>shabet</span> <span class='ocrx_word' id='word_1_37' title='bbox 299 858 459 914; x_wconf 89' lang='lat' dir='ltr'>rationem:</span> <span class='ocrx_word' id='word_1_38' title='bbox 482 855 545 914; x_wconf 89' lang='lat' dir='ltr'>doli</span> <span class='ocrx_word' id='word_1_39' title='bbox 568 858 648 914; x_wconf 88' lang='lat' dir='ltr'>enim</span> <span class='ocrx_word' id='word_1_40' title='bbox 671 855 805 914; x_wconf 86' lang='lat' dir='ltr'>definitio</span> <span class='ocrx_word' id='word_1_41' title='bbox 829 859 875 915; x_wconf 88' lang='lat' dir='ltr'>est</span> <span class='ocrx_word' id='word_1_42' title='bbox 897 875 965 915; x_wconf 92' lang='lat' dir='ltr'>cum</span> <span class='ocrx_word' id='word_1_43' title='bbox 988 856 1072 915; x_wconf 89' lang='lat' dir='ltr'>aliud</span> <span class='ocrx_word' id='word_1_44' title='bbox 1090 860 1199 934; x_wconf 81' lang='lat' dir='ltr'>agitur,</span> 
     </span>
     <span class='ocr_line' id='line_1_7' title="bbox 185 944 1199 1023; baseline 0.003 -22"><span class='ocrx_word' id='word_1_45' title='bbox 185 945 267 1001; x_wconf 85' lang='lat' dir='ltr'>aliud</span> <span class='ocrx_word' id='word_1_46' title='bbox 292 945 462 1019; x_wconf 64' lang='lat' dir='ltr'>simulatum</span> <span class='ocrx_word' id='word_1_47' title='bbox 486 944 569 1002; x_wconf 90' lang='lat' dir='ltr'>aliud</span> <span class='ocrx_word' id='word_1_48' title='bbox 593 964 664 1021; x_wconf 83' lang='lat' dir='ltr'>ergo</span> <span class='ocrx_word' id='word_1_49' title='bbox 687 946 720 1002; x_wconf 90' lang='lat' dir='ltr'>in</span> <span class='ocrx_word' id='word_1_50' title='bbox 744 946 844 1004; x_wconf 89' lang='lat' dir='ltr'>animo</span> <span class='ocrx_word' id='word_1_51' title='bbox 868 944 988 1005; x_wconf 79' lang='lat' dir='ltr'>Sinonis</span> <span class='ocrx_word' id='word_1_52' title='bbox 1017 946 1088 1023; x_wconf 82' lang='lat' dir='ltr'>fuit,</span> <span class='ocrx_word' id='word_1_53' title='bbox 1117 946 1199 1005; x_wconf 89' lang='lat' dir='ltr'>aliud</span> 
     </span>
     <span class='ocr_line' id='line_1_8' title="bbox 183 1033 1199 1112; baseline 0.003 -21"><span class='ocrx_word' id='word_1_54' title='bbox 183 1037 215 1091; x_wconf 87' lang='lat' dir='ltr'>in</span> <span class='ocrx_word' id='word_1_55' title='bbox 239 1033 337 1097; x_wconf 88' lang='lat' dir='ltr'>verbis</span> <span class='ocrx_word' id='word_1_56' title='bbox 361 1035 392 1091; x_wconf 82' lang='lat' dir='ltr'>e&#39;t</span> <span class='ocrx_word' id='word_1_57' title='bbox 414 1034 545 1092; x_wconf 84' lang='lat' dir='ltr'>lacrimis</span> <span class='ocrx_word' id='word_1_58' title='bbox 569 1035 654 1093; x_wconf 90' lang='lat' dir='ltr'>etin</span> <span class='ocrx_word' id='word_1_59' title='bbox 677 1034 747 1109; x_wconf 88' lang='lat' dir='ltr'>equi</span> <span class='ocrx_word' id='word_1_60' title='bbox 774 1034 852 1092; x_wconf 94' lang='lat' dir='ltr'>mole</span> <span class='ocrx_word' id='word_1_61' title='bbox 879 1038 944 1093; x_wconf 86' lang='lat' dir='ltr'>tam</span> <span class='ocrx_word' id='word_1_62' title='bbox 972 1053 1094 1112; x_wconf 83' lang='lat' dir='ltr'>magna,</span> <span class='ocrx_word' id='word_1_63' title='bbox 1122 1054 1199 1110; x_wconf 86' lang='lat' dir='ltr'>quae</span> 
     </span>
     <span class='ocr_line' id='line_1_9' title="bbox 184 1122 1200 1201; baseline 0.003 -21"><span class='ocrx_word' id='word_1_64' title='bbox 184 1143 242 1180; x_wconf 91' lang='lat' dir='ltr'>non</span> <span class='ocrx_word' id='word_1_65' title='bbox 266 1123 382 1201; x_wconf 83' lang='lat' dir='ltr'>religio,</span> <span class='ocrx_word' id='word_1_66' title='bbox 405 1124 440 1181; x_wconf 91' lang='lat' dir='ltr'>ut</span> <span class='ocrx_word' id='word_1_67' title='bbox 457 1122 606 1200; x_wconf 83' lang='lat' dir='ltr'>figmentis</span> <span class='ocrx_word' id='word_1_68' title='bbox 626 1122 778 1181; x_wconf 82' lang='lat' dir='ltr'>adsertam</span> <span class='ocrx_word' id='word_1_69' title='bbox 798 1126 851 1196; x_wconf 84' lang='lat' dir='ltr'>est,</span> <span class='ocrx_word' id='word_1_70' title='bbox 871 1123 922 1183; x_wconf 91' lang='lat' dir='ltr'>sed</span> <span class='ocrx_word' id='word_1_71' title='bbox 940 1124 1060 1199; x_wconf 88' lang='lat' dir='ltr'>imperii</span> <span class='ocrx_word' id='word_1_72' title='bbox 1077 1124 1200 1183; x_wconf 89' lang='lat' dir='ltr'>Troiani</span> 
     </span>
     <span class='ocr_line' id='line_1_10' title="bbox 184 1211 1198 1286; baseline 0.006 -17"><span class='ocrx_word' id='word_1_73' title='bbox 184 1214 329 1286; x_wconf 80' lang='lat' dir='ltr'>pernicies</span> <span class='ocrx_word' id='word_1_74' title='bbox 348 1212 414 1270; x_wconf 89' lang='lat' dir='ltr'>fuit.</span> <span class='ocrx_word' id='word_1_75' title='bbox 452 1229 523 1285; x_wconf 76' lang='lat' dir='ltr'>qaas</span> <span class='ocrx_word' id='word_1_76' title='bbox 540 1230 633 1285; x_wconf 75' lang='lat' dir='ltr'>aeque</span> <span class='ocrx_word' id='word_1_77' title='bbox 653 1212 781 1286; x_wconf 73' lang='lat' dir='ltr'>Tydides</span> <span class='ocrx_word' id='word_1_78' title='bbox 797 1230 850 1271; x_wconf 85' lang='lat' dir='ltr'>aee</span> <span class='ocrx_word' id='word_1_79' title='bbox 866 1213 1047 1272; x_wconf 75' lang='lat' dir='ltr'>Larissaeus</span> <span class='ocrx_word' id='word_1_80' title='bbox 1062 1211 1198 1276; x_wconf 77' lang='lat' dir='ltr'>Achilles.</span> 
     </span>
     <span class='ocr_line' id='line_1_11' title="bbox 144 1297 1288 1368; baseline 0.002 -10"><span class='ocrx_word' id='word_1_81' title='bbox 144 1324 171 1359; x_wconf 72' lang='lat' dir='ltr'>io</span> <span class='ocrx_word' id='word_1_82' title='bbox 185 1319 244 1357; x_wconf 68' lang='lat' dir='ltr'>raaa</span> <span class='ocrx_word' id='word_1_83' title='bbox 268 1302 340 1358; x_wconf 81' lang='lat' dir='ltr'>anni</span> <span class='ocrx_word' id='word_1_84' title='bbox 362 1302 497 1359; x_wconf 71' lang='lat' dir='ltr'>domam</span> <span class='ocrx_word' id='word_1_85' title='bbox 519 1301 624 1368; x_wconf 84' lang='lat' dir='ltr'>decem,</span> <span class='ocrx_word' id='word_1_86' title='bbox 647 1318 708 1359; x_wconf 79' lang='lat' dir='ltr'>aaa</span> <span class='ocrx_word' id='word_1_87' title='bbox 730 1303 808 1360; x_wconf 82' lang='lat' dir='ltr'>mille</span> <span class='ocrx_word' id='word_1_88' title='bbox 831 1304 964 1361; x_wconf 61' lang='lat' dir='ltr'>caueae:</span> <span class='ocrx_word' id='word_1_89' title='bbox 987 1304 1075 1360; x_wconf 90' lang='lat' dir='ltr'>unius</span> <span class='ocrx_word' id='word_1_90' title='bbox 1093 1302 1199 1360; x_wconf 87' lang='lat' dir='ltr'>fraude</span> <span class='ocrx_word' id='word_1_91' title='bbox 1286 1297 1288 1301; x_wconf 46' lang='lat'><strong><em>⁴</em></strong></span> 
     </span>
     <span class='ocr_line' id='line_1_12' title="bbox 185 1390 1200 1469; baseline 0.004 -23"><span class='ocrx_word' id='word_1_92' title='bbox 185 1390 301 1464; x_wconf 85' lang='lat' dir='ltr'>decepti</span> <span class='ocrx_word' id='word_1_93' title='bbox 333 1408 434 1448; x_wconf 90' lang='lat' dir='ltr'>sumus</span> <span class='ocrx_word' id='word_1_94' title='bbox 472 1391 526 1466; x_wconf 89' lang='lat' dir='ltr'>qui</span> <span class='ocrx_word' id='word_1_95' title='bbox 561 1391 793 1448; x_wconf 87' lang='lat' dir='ltr'>fortissimorum</span> <span class='ocrx_word' id='word_1_96' title='bbox 829 1390 966 1450; x_wconf 91' lang='lat' dir='ltr'>manibus</span> <span class='ocrx_word' id='word_1_97' title='bbox 1004 1395 1034 1450; x_wconf 86' lang='lat' dir='ltr'>et</span> <span class='ocrx_word' id='word_1_98' title='bbox 1070 1393 1200 1469; x_wconf 87' lang='lat' dir='ltr'>ingentis</span> 
     </span>
     <span class='ocr_line' id='line_1_13' title="bbox 185 1478 1200 1556; baseline 0.005 -22"><span class='ocrx_word' id='word_1_99' title='bbox 185 1480 300 1537; x_wconf 88' lang='lat' dir='ltr'>numeri</span> <span class='ocrx_word' id='word_1_100' title='bbox 323 1498 376 1553; x_wconf 90' lang='lat' dir='ltr'>per</span> <span class='ocrx_word' id='word_1_101' title='bbox 399 1497 491 1537; x_wconf 87' lang='lat' dir='ltr'>annos</span> <span class='ocrx_word' id='word_1_102' title='bbox 515 1478 616 1537; x_wconf 91' lang='lat' dir='ltr'>decem</span> <span class='ocrx_word' id='word_1_103' title='bbox 638 1498 699 1537; x_wconf 90' lang='lat' dir='ltr'>non</span> <span class='ocrx_word' id='word_1_104' title='bbox 723 1496 825 1538; x_wconf 90' lang='lat' dir='ltr'>sumus</span> <span class='ocrx_word' id='word_1_105' title='bbox 851 1481 992 1555; x_wconf 87' lang='lat' dir='ltr'>superati.</span> <span class='ocrx_word' id='word_1_106' title='bbox 1039 1481 1200 1556; x_wconf 84' lang='lat' dir='ltr'>conplexus</span> 
     </span>
     <span class='ocr_line' id='line_1_14' title="bbox 185 1568 1199 1643; baseline 0.004 -19"><span class='ocrx_word' id='word_1_107' title='bbox 185 1574 229 1626; x_wconf 81' lang='lat' dir='ltr'>cst</span> <span class='ocrx_word' id='word_1_108' title='bbox 257 1568 305 1625; x_wconf 92' lang='lat' dir='ltr'>hic</span> <span class='ocrx_word' id='word_1_109' title='bbox 327 1586 469 1642; x_wconf 90' lang='lat' dir='ltr'>personas</span> <span class='ocrx_word' id='word_1_110' title='bbox 492 1568 661 1643; x_wconf 80' lang='lat' dir='ltr'>specialiter</span> <span class='ocrx_word' id='word_1_111' title='bbox 682 1570 810 1643; x_wconf 85' lang='lat' dir='ltr'>positas,</span> <span class='ocrx_word' id='word_1_112' title='bbox 839 1588 994 1628; x_wconf 91' lang='lat' dir='ltr'>numerum</span> <span class='ocrx_word' id='word_1_113' title='bbox 1018 1570 1101 1627; x_wconf 92' lang='lat' dir='ltr'>mille</span> <span class='ocrx_word' id='word_1_114' title='bbox 1124 1571 1199 1628; x_wconf 87' lang='lat' dir='ltr'>cari·</span> 
     </span>
     <span class='ocr_line' id='line_1_15' title="bbox 185 1659 1200 1733; baseline 0.004 -20"><span class='ocrx_word' id='word_1_115' title='bbox 185 1676 304 1731; x_wconf 75' lang='lat' dir='ltr'>narum,</span> <span class='ocrx_word' id='word_1_116' title='bbox 336 1659 479 1733; x_wconf 89' lang='lat' dir='ltr'>temporis</span> <span class='ocrx_word' id='word_1_117' title='bbox 515 1676 585 1716; x_wconf 84' lang='lat' dir='ltr'>vero</span> <span class='ocrx_word' id='word_1_118' title='bbox 621 1659 739 1716; x_wconf 89' lang='lat' dir='ltr'>ratione</span> <span class='ocrx_word' id='word_1_119' title='bbox 775 1660 995 1717; x_wconf 85' lang='lat' dir='ltr'>excusationem</span> <span class='ocrx_word' id='word_1_120' title='bbox 1031 1660 1200 1733; x_wconf 77' lang='lat' dir='ltr'>praetexuit</span> 
     </span>
     <span class='ocr_line' id='line_1_16' title="bbox 144 1746 1200 1822; baseline 0.001 -17"><span class='ocrx_word' id='word_1_121' title='bbox 144 1769 170 1805; x_wconf 78' lang='lat' dir='ltr'>rs</span> <span class='ocrx_word' id='word_1_122' title='bbox 185 1750 354 1804; x_wconf 89' lang='lat' dir='ltr'>monstrans</span> <span class='ocrx_word' id='word_1_123' title='bbox 381 1747 541 1821; x_wconf 88' lang='lat' dir='ltr'>imperium</span> <span class='ocrx_word' id='word_1_124' title='bbox 568 1746 676 1805; x_wconf 86' lang='lat' dir='ltr'>Troiae</span> <span class='ocrx_word' id='word_1_125' title='bbox 704 1764 764 1805; x_wconf 94' lang='lat' dir='ltr'>non</span> <span class='ocrx_word' id='word_1_126' title='bbox 790 1747 917 1806; x_wconf 79' lang='lat' dir='ltr'>virtute·</span> <span class='ocrx_word' id='word_1_127' title='bbox 930 1747 1044 1822; x_wconf 87' lang='lat' dir='ltr'>aliqua,</span> <span class='ocrx_word' id='word_1_128' title='bbox 1075 1748 1126 1806; x_wconf 90' lang='lat' dir='ltr'>s&#39;ed</span> <span class='ocrx_word' id='word_1_129' title='bbox 1154 1750 1200 1806; x_wconf 93' lang='lat' dir='ltr'>in·</span> 
     </span>
     <span class='ocr_line' id='line_1_17' title="bbox 186 1835 1200 1911; baseline 0.002 -19"><span class='ocrx_word' id='word_1_130' title='bbox 186 1835 270 1893; x_wconf 87' lang='lat' dir='ltr'>sidiis</span> <span class='ocrx_word' id='word_1_131' title='bbox 294 1839 324 1892; x_wconf 91' lang='lat' dir='ltr'>et</span> <span class='ocrx_word' id='word_1_132' title='bbox 347 1835 451 1892; x_wconf 76' lang='lat' dir='ltr'>fraude</span> <span class='ocrx_word' id='word_1_133' title='bbox 475 1853 538 1894; x_wconf 88' lang='lat' dir='ltr'>esse</span> <span class='ocrx_word' id='word_1_134' title='bbox 561 1839 740 1910; x_wconf 88' lang='lat' dir='ltr'>superatum.</span> <span class='ocrx_word' id='word_1_135' title='bbox 786 1836 914 1895; x_wconf 88' lang='lat' dir='ltr'>insidiae</span> <span class='ocrx_word' id='word_1_136' title='bbox 937 1836 1059 1895; x_wconf 83' lang='lat' dir='ltr'>fuenmt</span> <span class='ocrx_word' id='word_1_137' title='bbox 1079 1838 1111 1894; x_wconf 91' lang='lat' dir='ltr'>in</span> <span class='ocrx_word' id='word_1_138' title='bbox 1130 1839 1200 1911; x_wconf 88' lang='lat' dir='ltr'>equi</span> 
     </span>
     <span class='ocr_line' id='line_1_18' title="bbox 186 1923 1199 1999; baseline 0.005 -19"><span class='ocrx_word' id='word_1_139' title='bbox 186 1924 313 1997; x_wconf 70' lang='lat' dir='ltr'>lubrica,</span> <span class='ocrx_word' id='word_1_140' title='bbox 340 1923 457 1998; x_wconf 88' lang='lat' dir='ltr'>reliqua</span> <span class='ocrx_word' id='word_1_141' title='bbox 484 1926 517 1981; x_wconf 91' lang='lat' dir='ltr'>in</span> <span class='ocrx_word' id='word_1_142' title='bbox 544 1943 671 1999; x_wconf 90' lang='lat' dir='ltr'>persona</span> <span class='ocrx_word' id='word_1_143' title='bbox 696 1924 824 1983; x_wconf 87' lang='lat' dir='ltr'>Sinonis</span> <span class='ocrx_word' id='word_1_144' title='bbox 870 1927 985 1984; x_wconf 87' lang='lat' dir='ltr'>interea</span> <span class='ocrx_word' id='word_1_145' title='bbox 1011 1924 1130 1985; x_wconf 85' lang='lat' dir='ltr'>videtur</span> <span class='ocrx_word' id='word_1_146' title='bbox 1152 1926 1199 1985; x_wconf 91' lang='lat' dir='ltr'>illi</span> 
     </span>
     <span class='ocr_line' id='line_1_19' title="bbox 186 2013 1200 2089; baseline 0.004 -20"><span class='ocrx_word' id='word_1_147' title='bbox 186 2013 383 2087; x_wconf 88' lang='lat' dir='ltr'>propositioni</span> <span class='ocrx_word' id='word_1_148' title='bbox 406 2013 520 2071; x_wconf 88' lang='lat' dir='ltr'>Priami</span> <span class='ocrx_word' id='word_1_149' title='bbox 547 2033 608 2071; x_wconf 92' lang='lat' dir='ltr'>non</span> <span class='ocrx_word' id='word_1_150' title='bbox 634 2013 822 2088; x_wconf 86' lang='lat' dir='ltr'>respondisse</span> <span class='ocrx_word' id='word_1_151' title='bbox 851 2033 911 2089; x_wconf 90' lang='lat' dir='ltr'>qua</span> <span class='ocrx_word' id='word_1_152' title='bbox 938 2013 1050 2072; x_wconf 89' lang='lat' dir='ltr'>dictum</span> <span class='ocrx_word' id='word_1_153' title='bbox 1079 2018 1200 2073; x_wconf 81' lang='lat' dir='ltr'>estant</span> 
     </span>
     <span class='ocr_line' id='line_1_20' title="bbox 186 2100 1199 2178; baseline 0.004 -20"><span class='ocrx_word' id='word_1_154' title='bbox 186 2121 261 2176; x_wconf 86' lang='lat' dir='ltr'>quae</span> <span class='ocrx_word' id='word_1_155' title='bbox 290 2103 428 2161; x_wconf 90' lang='lat' dir='ltr'>machina</span> <span class='ocrx_word' id='word_1_156' title='bbox 454 2100 547 2159; x_wconf 80' lang='lat' dir='ltr'>belli?</span> <span class='ocrx_word' id='word_1_157' title='bbox 593 2102 645 2161; x_wconf 91' lang='lat' dir='ltr'>sed</span> <span class='ocrx_word' id='word_1_158' title='bbox 671 2102 743 2177; x_wconf 91' lang='lat' dir='ltr'>quid</span> <span class='ocrx_word' id='word_1_159' title='bbox 767 2121 843 2178; x_wconf 88' lang='lat' dir='ltr'>opus</span> <span class='ocrx_word' id='word_1_160' title='bbox 865 2104 965 2161; x_wconf 87' lang='lat' dir='ltr'>fuerat</span> <span class='ocrx_word' id='word_1_161' title='bbox 988 2103 1057 2162; x_wconf 88' lang='lat' dir='ltr'>huic</span> <span class='ocrx_word' id='word_1_162' title='bbox 1079 2122 1199 2178; x_wconf 89' lang='lat' dir='ltr'>respon·</span> 
     </span>
     <span class='ocr_line' id='line_1_21' title="bbox 144 2191 1200 2267; baseline 0.002 -18"><span class='ocrx_word' id='word_1_163' title='bbox 144 2214 171 2250; x_wconf 74' lang='lat' dir='ltr'>so</span> <span class='ocrx_word' id='word_1_164' title='bbox 186 2191 267 2263; x_wconf 87' lang='lat' dir='ltr'>dere,</span> <span class='ocrx_word' id='word_1_165' title='bbox 300 2210 365 2249; x_wconf 90' lang='lat' dir='ltr'>cum</span> <span class='ocrx_word' id='word_1_166' title='bbox 399 2192 541 2249; x_wconf 89' lang='lat' dir='ltr'>aliorsum</span> <span class='ocrx_word' id='word_1_167' title='bbox 572 2193 699 2250; x_wconf 84' lang='lat' dir='ltr'>traxerit</span> <span class='ocrx_word' id='word_1_168' title='bbox 726 2192 795 2267; x_wconf 90' lang='lat' dir='ltr'>equi</span> <span class='ocrx_word' id='word_1_169' title='bbox 822 2192 968 2250; x_wconf 89' lang='lat' dir='ltr'>rationem</span> <span class='ocrx_word' id='word_1_170' title='bbox 997 2211 1073 2267; x_wconf 89' lang='lat' dir='ltr'>quae</span> <span class='ocrx_word' id='word_1_171' title='bbox 1100 2194 1200 2251; x_wconf 85' lang='lat' dir='ltr'>fuerat</span> 
     </span>
     <span class='ocr_line' id='line_1_22' title="bbox 187 2278 1200 2357; baseline 0.006 -23"><span class='ocrx_word' id='word_1_172' title='bbox 187 2280 322 2339; x_wconf 85' lang='lat' dir='ltr'>Troianis</span> <span class='ocrx_word' id='word_1_173' title='bbox 351 2283 381 2337; x_wconf 85' lang='lat' dir='ltr'>et</span> <span class='ocrx_word' id='word_1_174' title='bbox 408 2280 468 2355; x_wconf 89' lang='lat' dir='ltr'>ipsi</span> <span class='ocrx_word' id='word_1_175' title='bbox 495 2281 560 2357; x_wconf 80' lang='lat' dir='ltr'>regi</span> <span class='ocrx_word' id='word_1_176' title='bbox 587 2278 747 2355; x_wconf 79' lang='lat' dir='ltr'>suspecta?</span> <span class='ocrx_word' id='word_1_177' title='bbox 791 2281 838 2339; x_wconf 78' lang='lat' dir='ltr'>hie</span> <span class='ocrx_word' id='word_1_178' title='bbox 860 2282 944 2339; x_wconf 80' lang='lat' dir='ltr'>aliud</span> <span class='ocrx_word' id='word_1_179' title='bbox 966 2283 1064 2340; x_wconf 80' lang='lat' dir='ltr'>ancias</span> <span class='ocrx_word' id='word_1_180' title='bbox 1085 2284 1200 2340; x_wconf 81' lang='lat' dir='ltr'>miseris</span> 
     </span>
     <span class='ocr_line' id='line_1_23' title="bbox 185 2370 1253 2444; baseline 0 -20"><span class='ocrx_word' id='word_1_181' title='bbox 185 2371 329 2441; x_wconf 73' lang='lat' dir='ltr'>auratoque</span> <span class='ocrx_word' id='word_1_182' title='bbox 347 2370 526 2428; x_wconf 81' lang='lat' dir='ltr'>treraeadam</span> <span class='ocrx_word' id='word_1_183' title='bbox 544 2371 666 2428; x_wconf 76' lang='lat' dir='ltr'>obicitur</span> <span class='ocrx_word' id='word_1_184' title='bbox 683 2372 779 2442; x_wconf 70' lang='lat' dir='ltr'>maces</span> <span class='ocrx_word' id='word_1_185' title='bbox 797 2374 883 2442; x_wconf 80' lang='lat' dir='ltr'>atque</span> <span class='ocrx_word' id='word_1_186' title='bbox 900 2370 1058 2442; x_wconf 75' lang='lat' dir='ltr'>inprouida</span> <span class='ocrx_word' id='word_1_187' title='bbox 1070 2376 1190 2444; x_wconf 73' lang='lat' dir='ltr'>pectora</span> <span class='ocrx_word' id='word_1_188' title='bbox 1200 2378 1253 2427; x_wconf 79' lang='lat'>‘200</span> 
     </span>
     <span class='ocr_line' id='line_1_24' title="bbox 186 2458 1199 2535; baseline 0.005 -22"><span class='ocrx_word' id='word_1_189' title='bbox 186 2460 296 2515; x_wconf 69' lang='lat' dir='ltr'>tacebat:</span> <span class='ocrx_word' id='word_1_190' title='bbox 333 2460 414 2516; x_wconf 89' lang='lat' dir='ltr'>omni</span> <span class='ocrx_word' id='word_1_191' title='bbox 446 2459 599 2518; x_wconf 88' lang='lat' dir='ltr'>occasione</span> <span class='ocrx_word' id='word_1_192' title='bbox 632 2461 743 2535; x_wconf 84' lang='lat' dir='ltr'>purgat</span> <span class='ocrx_word' id='word_1_193' title='bbox 771 2458 889 2516; x_wconf 88' lang='lat' dir='ltr'>Aeneas</span> <span class='ocrx_word' id='word_1_194' title='bbox 922 2458 1033 2516; x_wconf 87' lang='lat' dir='ltr'>crimen</span> <span class='ocrx_word' id='word_1_195' title='bbox 1065 2459 1199 2535; x_wconf 85' lang='lat' dir='ltr'>perditae</span> 
     </span>
     <span class='ocr_line' id='line_1_25' title="bbox 186 2547 1200 2624; baseline 0.005 -21"><span class='ocrx_word' id='word_1_196' title='bbox 186 2549 319 2605; x_wconf 85' lang='lat' dir='ltr'>civitatis</span> <span class='ocrx_word' id='word_1_197' title='bbox 343 2550 373 2605; x_wconf 86' lang='lat' dir='ltr'>et</span> <span class='ocrx_word' id='word_1_198' title='bbox 395 2550 480 2624; x_wconf 79' lang='lat' dir='ltr'>regni</span> <span class='ocrx_word' id='word_1_199' title='bbox 503 2548 588 2606; x_wconf 89' lang='lat' dir='ltr'>etin</span> <span class='ocrx_word' id='word_1_200' title='bbox 612 2566 646 2606; x_wconf 94' lang='lat' dir='ltr'>eo</span> <span class='ocrx_word' id='word_1_201' title='bbox 668 2550 736 2622; x_wconf 91' lang='lat' dir='ltr'>ipso</span> <span class='ocrx_word' id='word_1_202' title='bbox 759 2549 791 2605; x_wconf 91' lang='lat' dir='ltr'>in</span> <span class='ocrx_word' id='word_1_203' title='bbox 810 2565 870 2622; x_wconf 86' lang='lat' dir='ltr'>quo</span> <span class='ocrx_word' id='word_1_204' title='bbox 888 2547 1064 2623; x_wconf 88' lang='lat' dir='ltr'>reprehendi</span> <span class='ocrx_word' id='word_1_205' title='bbox 1082 2553 1200 2623; x_wconf 86' lang='lat' dir='ltr'>poterat</span> 
     </span>
     <span class='ocr_line' id='line_1_26' title="bbox 144 2635 1198 2712; baseline 0.002 -17"><span class='ocrx_word' id='word_1_206' title='bbox 144 2658 170 2695; x_wconf 78' lang='lat' dir='ltr'>aa</span> <span class='ocrx_word' id='word_1_207' title='bbox 187 2636 281 2710; x_wconf 82' lang='lat' dir='ltr'>partis</span> <span class='ocrx_word' id='word_1_208' title='bbox 305 2635 402 2693; x_wconf 87' lang='lat' dir='ltr'>laudis</span> <span class='ocrx_word' id='word_1_209' title='bbox 425 2637 555 2711; x_wconf 82' lang='lat' dir='ltr'>exquirit</span> <span class='ocrx_word' id='word_1_210' title='bbox 578 2637 746 2711; x_wconf 84' lang='lat' dir='ltr'>ostendens,</span> <span class='ocrx_word' id='word_1_211' title='bbox 769 2640 804 2694; x_wconf 89' lang='lat' dir='ltr'>ut</span> <span class='ocrx_word' id='word_1_212' title='bbox 826 2638 962 2711; x_wconf 88' lang='lat' dir='ltr'>superius</span> <span class='ocrx_word' id='word_1_213' title='bbox 985 2639 1117 2712; x_wconf 87' lang='lat' dir='ltr'>positum</span> <span class='ocrx_word' id='word_1_214' title='bbox 1145 2643 1198 2712; x_wconf 86' lang='lat' dir='ltr'>est,</span> 
     </span>
     <span class='ocr_line' id='line_1_27' title="bbox 186 2724 1199 2799; baseline 0.006 -18"><span class='ocrx_word' id='word_1_215' title='bbox 186 2724 314 2782; x_wconf 85' lang='lat' dir='ltr'>Graecos</span> <span class='ocrx_word' id='word_1_216' title='bbox 346 2743 406 2782; x_wconf 91' lang='lat' dir='ltr'>non</span> <span class='ocrx_word' id='word_1_217' title='bbox 438 2727 564 2799; x_wconf 84' lang='lat' dir='ltr'>virtute,</span> <span class='ocrx_word' id='word_1_218' title='bbox 595 2726 647 2784; x_wconf 91' lang='lat' dir='ltr'>sed</span> <span class='ocrx_word' id='word_1_219' title='bbox 680 2725 757 2784; x_wconf 90' lang='lat' dir='ltr'>dolis</span> <span class='ocrx_word' id='word_1_220' title='bbox 787 2728 817 2783; x_wconf 90' lang='lat' dir='ltr'>et</span> <span class='ocrx_word' id='word_1_221' title='bbox 844 2725 999 2785; x_wconf 87' lang='lat' dir='ltr'>fraudibus</span> <span class='ocrx_word' id='word_1_222' title='bbox 1027 2732 1199 2787; x_wconf 87' lang='lat' dir='ltr'>consecutos</span> 
     </span>
     <span class='ocr_line' id='line_1_28' title="bbox 187 2813 1198 2893; baseline 0.006 -23"><span class='ocrx_word' id='word_1_223' title='bbox 187 2833 248 2871; x_wconf 81' lang='lat' dir='ltr'>esse</span> <span class='ocrx_word' id='word_1_224' title='bbox 277 2815 448 2886; x_wconf 84' lang='lat' dir='ltr'>victoriam,</span> <span class='ocrx_word' id='word_1_225' title='bbox 476 2813 613 2893; x_wconf 82' lang='lat' dir='ltr'>adiungit</span> <span class='ocrx_word' id='word_1_226' title='bbox 639 2815 696 2873; x_wconf 91' lang='lat' dir='ltr'>hoc</span> <span class='ocrx_word' id='word_1_227' title='bbox 724 2834 855 2890; x_wconf 82' lang='lat' dir='ltr'>quoque,</span> <span class='ocrx_word' id='word_1_228' title='bbox 882 2817 974 2873; x_wconf 88' lang='lat' dir='ltr'>etiam</span> <span class='ocrx_word' id='word_1_229' title='bbox 1002 2815 1086 2875; x_wconf 90' lang='lat' dir='ltr'>dolos</span> <span class='ocrx_word' id='word_1_230' title='bbox 1118 2818 1198 2892; x_wconf 88' lang='lat' dir='ltr'>ipsos</span> 
     </span>
     <span class='ocr_line' id='line_1_29' title="bbox 186 2902 1231 2979; baseline 0.006 -21"><span class='ocrx_word' id='word_1_231' title='bbox 186 2908 276 2976; x_wconf 86' lang='lat' dir='ltr'>atque</span> <span class='ocrx_word' id='word_1_232' title='bbox 300 2902 381 2977; x_wconf 88' lang='lat' dir='ltr'>ipsas</span> <span class='ocrx_word' id='word_1_233' title='bbox 404 2902 524 2960; x_wconf 84' lang='lat' dir='ltr'>fraudes</span> <span class='ocrx_word' id='word_1_234' title='bbox 547 2906 681 2978; x_wconf 85' lang='lat' dir='ltr'>potuisse</span> <span class='ocrx_word' id='word_1_235' title='bbox 699 2904 897 2963; x_wconf 84' lang='lat' dir='ltr'>Troianorum</span> <span class='ocrx_word' id='word_1_236' title='bbox 920 2905 1034 2963; x_wconf 86' lang='lat' dir='ltr'>astutia</span> <span class='ocrx_word' id='word_1_237' title='bbox 1056 2905 1199 2979; x_wconf 84' lang='lat' dir='ltr'>subverti,</span> <span class='ocrx_word' id='word_1_238' title='bbox 1227 2905 1231 2921; x_wconf 75' lang='lat'>¹</span> 
     </span>
     <span class='ocr_line' id='line_1_30' title="bbox 186 2990 1198 3068; baseline 0.003 -19"><span class='ocrx_word' id='word_1_239' title='bbox 186 2995 211 3049; x_wconf 90' lang='lat' dir='ltr'>si</span> <span class='ocrx_word' id='word_1_240' title='bbox 240 2990 372 3049; x_wconf 85' lang='lat' dir='ltr'>studium</span> <span class='ocrx_word' id='word_1_241' title='bbox 400 3010 539 3066; x_wconf 87' lang='lat' dir='ltr'>superum</span> <span class='ocrx_word' id='word_1_242' title='bbox 566 2992 701 3051; x_wconf 83' lang='lat' dir='ltr'>diversae</span> <span class='ocrx_word' id='word_1_243' title='bbox 728 2995 824 3068; x_wconf 79' lang='lat' dir='ltr'>partis</span> <span class='ocrx_word' id='word_1_244' title='bbox 848 2994 974 3051; x_wconf 89' lang='lat' dir='ltr'>consilia</span> <span class='ocrx_word' id='word_1_245' title='bbox 996 3013 1055 3053; x_wconf 92' lang='lat' dir='ltr'>non</span> <span class='ocrx_word' id='word_1_246' title='bbox 1078 2996 1111 3052; x_wconf 92' lang='lat' dir='ltr'>in</span> <span class='ocrx_word' id='word_1_247' title='bbox 1133 3000 1198 3052; x_wconf 84' lang='lat' dir='ltr'>tan·</span> 
     </span>
     <span class='ocr_line' id='line_1_31' title="bbox 142 3080 1199 3154; baseline 0.001 -14"><span class='ocrx_word' id='word_1_248' title='bbox 142 3106 170 3141; x_wconf 81' lang='lat' dir='ltr'>so</span> <span class='ocrx_word' id='word_1_249' title='bbox 185 3085 250 3137; x_wconf 83' lang='lat' dir='ltr'>tum</span> <span class='ocrx_word' id='word_1_250' title='bbox 278 3081 415 3154; x_wconf 78' lang='lat' dir='ltr'>fovisset,</span> <span class='ocrx_word' id='word_1_251' title='bbox 443 3085 477 3138; x_wconf 90' lang='lat' dir='ltr'>ut</span> <span class='ocrx_word' id='word_1_252' title='bbox 505 3080 702 3139; x_wconf 86' lang='lat' dir='ltr'>Troianorum</span> <span class='ocrx_word' id='word_1_253' title='bbox 729 3083 821 3140; x_wconf 84' lang='lat' dir='ltr'>etiam</span> <span class='ocrx_word' id='word_1_254' title='bbox 847 3084 962 3141; x_wconf 80' lang='lat' dir='ltr'>mentes</span> <span class='ocrx_word' id='word_1_255' title='bbox 990 3085 1071 3141; x_wconf 92' lang='lat' dir='ltr'>omni</span> <span class='ocrx_word' id='word_1_256' title='bbox 1100 3101 1199 3141; x_wconf 84' lang='lat' dir='ltr'>errore</span> 
     </span>
     <span class='ocr_line' id='line_1_32' title="bbox 185 3168 1200 3247; baseline 0.002 -20"><span class='ocrx_word' id='word_1_257' title='bbox 185 3170 389 3227; x_wconf 85' lang='lat' dir='ltr'>confunderet.</span> <span class='ocrx_word' id='word_1_258' title='bbox 435 3168 563 3244; x_wconf 90' lang='lat' dir='ltr'>denique</span> <span class='ocrx_word' id='word_1_259' title='bbox 591 3168 723 3228; x_wconf 87' lang='lat' dir='ltr'>adnectit</span> <span class='ocrx_word' id='word_1_260' title='bbox 750 3170 829 3245; x_wconf 87' lang='lat' dir='ltr'>quod</span> <span class='ocrx_word' id='word_1_261' title='bbox 856 3170 913 3229; x_wconf 90' lang='lat' dir='ltr'>hoc</span> <span class='ocrx_word' id='word_1_262' title='bbox 938 3173 1038 3247; x_wconf 91' lang='lat' dir='ltr'>ipsum</span> <span class='ocrx_word' id='word_1_263' title='bbox 1061 3169 1200 3230; x_wconf 86' lang='lat' dir='ltr'>ostendet</span> 
     </span>
     <span class='ocr_line' id='line_1_33' title="bbox 186 3258 1199 3333; baseline 0.002 -19"><span class='ocrx_word' id='word_1_264' title='bbox 186 3267 216 3315; x_wconf 82' lang='lat' dir='ltr'>et</span> <span class='ocrx_word' id='word_1_265' title='bbox 239 3258 357 3333; x_wconf 90' lang='lat' dir='ltr'>probet:</span> <span class='ocrx_word' id='word_1_266' title='bbox 389 3258 540 3325; x_wconf 79' lang='lat' dir='ltr'>Laocoon,</span> <span class='ocrx_word' id='word_1_267' title='bbox 570 3259 674 3316; x_wconf 66' lang='lat' dir='ltr'>dadas</span> <span class='ocrx_word' id='word_1_268' title='bbox 696 3258 833 3333; x_wconf 79' lang='lat' dir='ltr'>Neptuao</span> <span class='ocrx_word' id='word_1_269' title='bbox 862 3264 937 3317; x_wconf 83' lang='lat' dir='ltr'>sorte</span> <span class='ocrx_word' id='word_1_270' title='bbox 966 3260 1114 3326; x_wconf 72' lang='lat' dir='ltr'>sacerdos,</span> <span class='ocrx_word' id='word_1_271' title='bbox 1145 3261 1199 3317; x_wconf 87' lang='lat' dir='ltr'>sol-</span> 
     </span>
    </p>
   </div>
   <div class='ocr_carea' id='block_1_3' title="bbox 182 3426 1239 3788">
    <p class='ocr_par' dir='ltr' id='par_1_3' title="bbox 182 3426 1239 3788">
     <span class='ocr_line' id='line_1_34' title="bbox 259 3426 1199 3483; baseline 0.003 -5"><span class='ocrx_word' id='word_1_272' title='bbox 259 3434 271 3478; x_wconf 92' lang='lat'>1</span> <span class='ocrx_word' id='word_1_273' title='bbox 293 3430 479 3481; x_wconf 78' lang='lat' dir='ltr'>eae&#39;sta‘maates</span> <span class='ocrx_word' id='word_1_274' title='bbox 498 3426 541 3480; x_wconf 89' lang='lat' dir='ltr'>ed.</span> <span class='ocrx_word' id='word_1_275' title='bbox 619 3433 635 3480; x_wconf 78' lang='grc' dir='ltr'>ὅ</span> <span class='ocrx_word' id='word_1_276' title='bbox 654 3428 727 3481; x_wconf 81' lang='lat' dir='ltr'>enim</span> <span class='ocrx_word' id='word_1_277' title='bbox 746 3445 799 3481; x_wconf 91' lang='lat' dir='ltr'>om.</span> <span class='ocrx_word' id='word_1_278' title='bbox 816 3429 858 3482; x_wconf 81' lang='lat' dir='ltr'>ed</span> <span class='ocrx_word' id='word_1_279' title='bbox 934 3435 967 3481; x_wconf 81' lang='grc'>13</span> <span class='ocrx_word' id='word_1_280' title='bbox 985 3446 1129 3483; x_wconf 66' lang='lat' dir='ltr'>aurearum</span> <span class='ocrx_word' id='word_1_281' title='bbox 1147 3429 1199 3482; x_wconf 83' lang='lat' dir='ltr'>th</span> 
     </span>
     <span class='ocr_line' id='line_1_35' title="bbox 182 3498 1199 3566; baseline 0.004 -15"><span class='ocrx_word' id='word_1_282' title='bbox 182 3517 232 3566; x_wconf 81' lang='lat' dir='ltr'>per</span> <span class='ocrx_word' id='word_1_283' title='bbox 252 3517 393 3552; x_wconf 72' lang='lat' dir='ltr'>›auerteraea</span> <span class='ocrx_word' id='word_1_284' title='bbox 408 3499 450 3551; x_wconf 88' lang='lat' dir='ltr'>ed.</span> <span class='ocrx_word' id='word_1_285' title='bbox 466 3498 586 3552; x_wconf 83' lang='lat' dir='ltr'>fortasse</span> <span class='ocrx_word' id='word_1_286' title='bbox 604 3516 717 3553; x_wconf 78' lang='lat' dir='ltr'>aaowro</span> <span class='ocrx_word' id='word_1_287' title='bbox 737 3499 780 3553; x_wconf 91' lang='lat' dir='ltr'>vel</span> <span class='ocrx_word' id='word_1_288' title='bbox 799 3517 832 3555; x_wconf 84' lang='lat' dir='ltr'>aa</span> <span class='ocrx_word' id='word_1_289' title='bbox 849 3506 1010 3554; x_wconf 77' lang='lat' dir='ltr'>aearreeram?</span> <span class='ocrx_word' id='word_1_290' title='bbox 1065 3505 1097 3552; x_wconf 80' lang='lat'>27</span> <span class='ocrx_word' id='word_1_291' title='bbox 1118 3502 1199 3555; x_wconf 78' lang='lat' dir='ltr'>etiam</span> 
     </span>
     <span class='ocr_line' id='line_1_36' title="bbox 186 3569 1215 3640; baseline -0.002 -18"><span class='ocrx_word' id='word_1_292' title='bbox 186 3588 239 3622; x_wconf 94' lang='lat' dir='ltr'>om.</span> <span class='ocrx_word' id='word_1_293' title='bbox 261 3570 303 3622; x_wconf 85' lang='lat' dir='ltr'>ed.</span> <span class='ocrx_word' id='word_1_294' title='bbox 377 3576 411 3623; x_wconf 76' lang='lat'>28</span> <span class='ocrx_word' id='word_1_295' title='bbox 430 3572 549 3624; x_wconf 59' lang='lat' dir='ltr'>acatius</span> <span class='ocrx_word' id='word_1_296' title='bbox 565 3569 587 3623; x_wconf 90' lang='lat' dir='ltr'>L</span> <span class='ocrx_word' id='word_1_297' title='bbox 607 3572 632 3625; x_wconf 80' lang='lat' dir='ltr'>is</span> <span class='ocrx_word' id='word_1_298' title='bbox 650 3587 786 3639; x_wconf 85' lang='lat' dir='ltr'>superscr.</span> <span class='ocrx_word' id='word_1_299' title='bbox 805 3570 831 3623; x_wconf 92' lang='lat' dir='ltr'>ll</span> <span class='ocrx_word' id='word_1_300' title='bbox 849 3587 922 3625; x_wconf 90' lang='lat' dir='ltr'>man.</span> <span class='ocrx_word' id='word_1_301' title='bbox 942 3571 1076 3640; x_wconf 61' lang='lat' dir='ltr'>mutiat(</span> <span class='ocrx_word' id='word_1_302' title='bbox 1092 3571 1125 3621; x_wconf 72' lang='lat' dir='ltr'>a</span> <span class='ocrx_word' id='word_1_303' title='bbox 1141 3588 1215 3621; x_wconf 69' lang='lat' dir='ltr'>sum</span> 
     </span>
     <span class='ocr_line' id='line_1_37' title="bbox 185 3639 1239 3711; baseline -0.008 -19"><span class='ocrx_word' id='word_1_304' title='bbox 185 3657 283 3693; x_wconf 79' lang='lat' dir='ltr'>rasura</span> <span class='ocrx_word' id='word_1_305' title='bbox 307 3644 416 3695; x_wconf 76' lang='lat' dir='ltr'>astutiis</span> <span class='ocrx_word' id='word_1_306' title='bbox 439 3642 481 3694; x_wconf 87' lang='lat' dir='ltr'>ed.</span> <span class='ocrx_word' id='word_1_307' title='bbox 516 3643 520 3711; x_wconf 68' lang='lat' dir='ltr'>l</span> <span class='ocrx_word' id='word_1_308' title='bbox 555 3641 779 3697; x_wconf 66' lang='lat' dir='ltr'>camelitas.</span> <span class='ocrx_word' id='word_1_309' title='bbox 801 3641 853 3698; x_wconf 77' lang='lat' dir='ltr'>rel</span> <span class='ocrx_word' id='word_1_310' title='bbox 875 3639 1040 3698; x_wconf 74' lang='lat' dir='ltr'>subuertir&#39;</span> <span class='ocrx_word' id='word_1_311' title='bbox 1069 3639 1110 3689; x_wconf 72' lang='lat' dir='ltr'>&#39;in</span> <span class='ocrx_word' id='word_1_312' title='bbox 1123 3650 1239 3697; x_wconf 49' lang='lat' dir='ltr'>munga</span> 
     </span>
     <span class='ocr_line' id='line_1_38' title="bbox 186 3712 1070 3788; baseline 0.006 -26"><span class='ocrx_word' id='word_1_313' title='bbox 186 3712 259 3777; x_wconf 66' lang='lat' dir='ltr'>quaed</span> <span class='ocrx_word' id='word_1_314' title='bbox 278 3712 468 3779; x_wconf 87' lang='lat' dir='ltr'>recipiendum</span> <span class='ocrx_word' id='word_1_315' title='bbox 486 3714 597 3783; x_wconf 87' lang='lat' dir='ltr'>putavi.</span> <span class='ocrx_word' id='word_1_316' title='bbox 675 3721 714 3771; x_wconf 73' lang='lat'>32</span> <span class='ocrx_word' id='word_1_317' title='bbox 735 3717 877 3788; x_wconf 73' lang='lat' dir='ltr'>Neptunia</span> <span class='ocrx_word' id='word_1_318' title='bbox 890 3714 957 3769; x_wconf 51' lang='grc' dir='ltr'>ΜΚ</span> <span class='ocrx_word' id='word_1_319' title='bbox 974 3712 1025 3764; x_wconf 73' lang='lat' dir='ltr'>-u&#39;u</span> <span class='ocrx_word' id='word_1_320' title='bbox 1039 3727 1070 3763; x_wconf 67' lang='grc' dir='ltr'>ἲ.</span> 
     </span>
    </p>
   </div>
   <div class='ocr_carea' id='block_1_4' title="bbox 0 0 1379 4159">
    <p class='ocr_par' dir='ltr' id='par_1_4' title="bbox 0 0 1379 4159">
     <span class='ocr_line' id='line_1_39' title="bbox 0 0 1379 4159; baseline 0 0"><span class='ocrx_word' id='word_1_321' title='bbox 0 0 1379 4159; x_wconf 95' lang='lat' dir='ltr'> </span> 
     </span>
    </p>
   </div>
  </div>
 </body>
</html>
