2734 4159
574 256 758 311 AENEIDOS
776 256 816 309 Ill
1143 256 1208 321 267

191 433 221 486 et
244 446 340 486 mores
363 427 428 485 eius
451 429 481 483 et
503 425 625 484 vivendi
648 424 781 484 studium
803 429 937 485 noverat.
979 426 1031 485 sed
1054 425 1210 503 quaeritur

191 536 243 574 cur
271 516 379 573 dixerit
405 533 494 589 parce
521 514 587 589 pias
615 515 760 573 scelerare
786 533 907 589 manus,
939 533 1007 575 cum
1037 515 1100 575 iam
1129 515 1210 592 quod

192 604 368 680 prohibebat
390 602 454 662 fieri
476 603 591 661 factum
609 621 672 662 esse
692 605 850 662 constaret.
887 606 957 679 post
976 603 1209 665 admonitionem

192 698 221 752 et
240 695 441 770 cognitionem
459 693 504 750 ait
521 709 610 767 parce
629 692 785 765 scelerar03
804 694 907 769 priora
925 694 1006 751 enim
1023 693 1113 768 facta,
1132 713 1209 769 quae

165 803 177 843 1
191 783 293 841 Aenea
307 783 372 858 ipso
386 783 535 841 nesciente
548 784 763 856 processerant,
778 784 940 858 potuerunt
953 782 1062 841 habere
1076 782 1209 857 veniam,

191 874 263 931 haec
286 874 366 931 enim
388 873 500 931 fecerat
523 872 576 947 qui
594 871 741 929 nescierat
759 888 888 930 causam.
920 871 1024 930 haeret
1043 873 1146 929 autem
1163 873 1208 929 in·

191 961 347 1036 expiabilis
370 964 452 1036 nota,
475 962 501 1020 si
524 959 617 1018 fuerit
639 960 796 1019 voluntate
818 963 982 1035 peccatum.
1029 977 1099 1037 ergo
1127 962 1208 1019 recte

190 1051 266 1109 dixit
293 1069 381 1125 parce
409 1050 567 1124 scelerare,
595 1051 758 1125 antequam
783 1049 864 1108 facto
888 1053 919 1108 et
940 1052 1040 1108 mente
1063 1053 1208 1125 peccaret.

190 1159 278 1214 parce
306 1140 373 1214 pias
401 1140 546 1199 scelerare
573 1157 693 1198 manus:
731 1137 810 1214 quod
833 1137 989 1213 prohibeo,
1012 1138 1120 1215 inquit,
1145 1137 1209 1197 fieri

150 1248 176 1287 11
191 1234 220 1287 et
243 1229 319 1286 mihi
341 1228 476 1304 proderit·
499 1231 529 1287 et
550 1227 616 1286 tibi
658 1228 715 1286 hoc
734 1246 826 1306 genus
845 1228 1047 1304 persuasionis
1066 1246 1210 1305 magnum

190 1323 247 1392 est,
279 1321 314 1376 ut
346 1317 426 1394 quod
457 1318 661 1394 unusquisque
693 1318 807 1393 petitur
834 1317 911 1375 sciat
938 1318 1030 1376 etiam
1057 1317 1115 1377 sibi
1141 1335 1208 1393 pro-

189 1408 331 1465 futurum.
376 1406 514 1478 etmihi,
537 1405 590 1479 ait,
612 1424 716 1483 parces
741 1409 771 1466 et
792 1405 850 1465 tibi
873 1406 930 1465 erit
953 1405 1149 1479 commodum,
1171 1426 1208 1465 ne

189 1515 295 1555 manus
318 1500 386 1556 tuas
409 1498 476 1571 pias
501 1497 531 1553 et
552 1496 711 1573 religiosus
733 1495 865 1554 funestas
890 1498 919 1554 et
941 1495 1118 1572 inexpiabili
1140 1494 1209 1553 labe

189 1586 400 1659 commacules
432 1586 585 1659 praesenti
616 1584 665 1643 vel
697 1586 826 1644 maxime
858 1587 993 1661 tempore
1030 1604 1089 1661 quo
1124 1603 1209 1644 sacre

150 1694 175 1733 11
190 1674 362 1731 numinibus
394 1673 503 1732 reddis.
558 1692 618 1731 nou
650 1693 698 1731 me
730 1672 787 1733 tibi
820 1674 910 1732 Troia
943 1677 1097 1732 externum
1128 1672 1208 1733 tulit.

190 1781 304 1837 peccas,
327 1762 435 1837 inquit,
457 1764 490 1820 in
513 1763 672 1836 hominem,
695 1780 800 1839 peccas
822 1764 855 1821 in
878 1762 1029 1837 miserum,
1048 1781 1153 1837 peccas
1176 1764 1208 1821 in

189 1852 375 1925 defunctum,
407 1870 512 1927 peccas
544 1853 577 1909 in
609 1851 718 1925 civem,
749 1870 856 1927 peccas
883 1853 915 1910 in
943 1854 1043 1926 tuum;
1081 1849 1208 1910 Creusae

190 1941 269 1998 enim
297 1941 396 1999 fuerat
423 1941 518 1999 frater
539 1939 707 2015 Polydorus
735 1940 918 2016 perindeque
945 1940 1064 2000 Aeneae
1092 1940 1207 1999 adfinis.

189 2030 311 2104 pulchre
339 2032 441 2087 tamen
468 2029 545 2088 dixit
571 2048 632 2088 non
659 2048 706 2087 me
735 2028 794 2087 tibi
821 2028 912 2089 Troia
942 2031 1095 2089 externum
1127 2029 1207 2105 tulit,

148 2140 174 2177 ao
188 2120 244 2177 hoc
268 2123 313 2178 est
335 2138 395 2177 non
417 2120 462 2177 ita
484 2138 532 2177 me
555 2118 612 2177 tibi
635 2119 731 2177 civem
753 2120 858 2197 genuit
881 2120 985 2193 Troia,
1012 2122 1046 2177 ut
1075 2120 1207 2177 tantum-

188 2207 276 2267 modo
306 2209 380 2267 civis
408 2211 478 2266 tuus
506 2226 613 2283 essem,
641 2208 865 2276 verumetiam
887 2212 922 2267 ut
944 2209 1083 2284 iungerer
1106 2208 1208 2285 generi

187 2302 249 2356 tuo.
297 2299 350 2355 aut
373 2316 460 2357 cruor
481 2297 531 2356 hic
554 2296 590 2354 de
614 2298 718 2373 stipite
741 2300 860 2357 manat:
893 2317 931 2355 an
954 2299 1043 2373 putas
1067 2296 1132 2356 fieri
1154 2316 1207 2373 po·

189 2387 282 2445 tuisse
305 2388 340 2444 ut
364 2407 398 2443 ex
421 2387 504 2464 ligno
527 2386 649 2464 sanguis
673 2384 803 2446 exisset?
842 2404 908 2445 ecce
930 2388 1044 2445 tractat
1062 2388 1093 2444 et
1110 2388 1206 2462 partis

189 2478 261 2550 loci,
293 2477 354 2533 iam
383 2477 475 2548 euim,
503 2479 537 2534 ut
564 2474 678 2534 dietum
705 2478 764 2551 est,
790 2494 986 2552 personarum
1011 2476 1154 2535 tractavit
1177 2478 1208 2534 et

147 2586 173 2625 15
188 2565 340 2640 temporis.
381 2566 438 2624 11111
460 2566 537 2638 supe,
555 2564 663 2641 inquit,
681 2565 808 2625 1111111111
831 2570 934 2633 terras,
952 2567 1020 2639 supe
1043 2566 1113 2624 litus
1136 2583 1206 2624 uca-

188 2675 269 2713 rum:
292 2655 448 2713 hominum
471 2655 560 2729 culpa
583 2656 614 2712 et
635 2673 754 2712 morum
777 2653 956 2713 adscribitur
978 2654 1066 2713 terris
1089 2656 1122 2712 in
1141 2654 1206 2731 qui-

188 2745 243 2803 bus
274 2745 340 2802 nati
371 2747 454 2816 sunt,
486 2744 572 2818 quasi
599 2743 719 2801 demum
746 2762 806 2802 non
833 2744 989 2803 hominum
1015 2762 1122 2821 genus,
1155 2744 1207 2803 sed

189 2854 291 2893 eorum
314 2852 421 2907 parens
444 2835 526 2891 terra
548 2834 708 2908 peccasset.
744 2832 801 2892 hoc
824 2834 916 2892 satiat
939 2836 970 2892 et
992 2834 1048 2892 hoc
1071 2833 1139 2893 vult
1160 2834 1206 2891 in·

188 2923 305 2999 tellegi,
337 2941 374 2980 ne
403 2942 495 2979 unum
523 2921 644 2996 quidem
669 2922 735 2980 illic
762 2940 825 2981 esse
858 2924 910 2996 qui
936 2924 1021 2982 vivat
1051 2922 1207 2982 hominum

146 3034 173 3072 11
188 3031 269 3070 more
294 3030 329 3069 ac
351 3031 406 3086 per
428 3012 483 3070 hoc
506 3012 615 3069 vitium
638 3010 785 3070 eiusmodi
806 3029 867 3069 non
889 3011 1043 3070 hominum
1063 3030 1136 3084 esse,
1155 3010 1206 3069 sed

187 3102 258 3173 loci3
295 3101 328 3157 in
359 3099 529 3158 hominibus
563 3102 673 3175 quippe
706 3102 752 3158 est
782 3100 886 3175 procul
916 3099 1006 3159 dubio
1039 3099 1206 3173 diversitas,

188 3209 283 3265 neque
308 3191 388 3248 enim
411 3208 512 3248 omnes
535 3189 606 3247 boni
629 3192 682 3247 aut
706 3206 806 3247 omnes
829 3189 903 3246 mali
925 3189 1126 3264 reperiuntur,
1154 3188 1206 3247 sed

260 3366 275 3413 3
290 3360 451 3429 prohiberet
464 3359 517 3412 LR
531 3364 622 3413 -ucrat
636 3358 679 3411 ed.
696 3358 769 3413 -ebat
781 3374 840 3411 nos.
894 3363 911 3410 4
921 3358 1003 3427 prior
1016 3356 1069 3410 LR
1080 3358 1206 3425 priores

184 3433 266 3499 prius
285 3431 328 3484 ed.
402 3436 419 3484 5
442 3432 478 3484 ab
496 3448 581 3484 aenea
599 3446 620 3483 r.
700 3428 856 3485 7111111111
877 3435 944 3484 1111111
961 3446 984 3482 1,
1063 3433 1095 3482 13
1115 3430 1206 3484 mauis

187 3503 213 3555 R
231 3520 330 3556 1111111111
348 3521 369 3554 1,
396 3504 399 3571 Ι
429 3503 553 3568 funestus
570 3500 725 3555 1111111.
800 3506 833 3555 21
852 3517 946 3572 periere
964 3500 1019 3553 LR
1037 3501 1079 3553 -ri
1093 3518 1113 3549 x
1131 3500 1204 3572 ab.¹

188 3579 221 3626 22
242 3579 292 3627 aut
305 3573 359 3626 LR
371 3574 448 3626 baad
462 3573 504 3626 ed.
561 3578 596 3625 24
615 3573 746 3629 tractauit
758 3572 815 3629 aa
832 3579 870 3629 tr.
884 3578 983 3643 portes
997 3571 1048 3624 ed.
1098 3572 1145 3618 212.
1161 3576 1244 3615 eausa

187 3645 240 3697 LR
257 3647 327 3698 enim
344 3651 396 3698 aut
413 3644 454 3697 ed.
