2734 4159
196 320 264 386 482
479 319 619 375 DONA'PI
636 319 806 375 INTERPR.
825 319 934 375 VERG.

196 489 361 567 plurimum
384 509 444 550 nou
466 490 527 549 fuit
549 490 631 566 quod
652 490 776 566 plenum
793 489 943 566 inpedivit
960 493 1112 550 eventum.
1155 493 1229 554 fecit

197 583 300 638 tamen
324 579 404 654 quod
427 598 487 638 uon
510 580 600 657 louge
623 578 762 639 essetab
786 579 910 638 artificis
938 578 1125 655 subtilitate3
1156 603 1227 643 num

197 666 291 727 nodos
314 668 405 745 rupit.
451 687 512 727 non
535 668 613 727 dixit
635 670 743 744 quanti
769 668 896 743 fuerint,
925 672 962 727 ut
987 669 1069 727 facto
1097 669 1229 732 adderet

198 757 343 834 gratiam3
361 760 393 816 et
410 757 504 817 nodos
517 776 655 834 rumpere
669 759 801 833 quantae
815 756 1002 816 difficultatis
1016 758 1089 816 fuitl
1114 759 1227 821 deinde

198 846 279 906 linea
306 846 427 905 vincula
455 846 518 906 alia
545 846 721 920 distentas,
753 846 833 922 quod
856 845 979 906 vincula
1000 847 1068 922 ipsa
1091 848 1258 911 saissonis

198 954 233 994 ex
256 935 334 1009 lino,
358 953 435 1011 quae
458 934 570 1011 species
592 938 714 994 tantum
736 935 831 1009 valet,
858 938 894 994 ut
916 954 983 994 oum
1005 954 1119 1013 magna
1146 938 1226 998 diffi-

198 1025 312 1084 cultate
329 1026 495 1100 rumpatur.
531 1024 587 1082 illa
606 1027 708 1083 autem
726 1025 848 1084 fuenmt
866 1025 938 1099 lina,
957 1024 1065 1100 quibus
1082 1026 1227 1088 columba

197 1132 274 1172 nexa
296 1113 371 1189 pede
393 1132 454 1172 uno
476 1113 633 1189 pendebat.
679 1114 735 1173 illa
755 1118 838 1173 notos
861 1118 947 1188 auce
970 1117 1038 1172 atro
1058 1115 1171 1176 volans
1193 1120 1226 1177 ia

197 1203 302 1261 nubila
324 1204 419 1277 sopit:
441 1205 561 1277 praeter
582 1204 724 1261 naturam
742 1222 820 1279 quae
837 1203 949 1262 totiens
967 1202 1140 1279 periculum
1160 1225 1226 1267 sen·

198 1293 280 1350 serat
301 1290 431 1349 liberata
449 1290 573 1350 nexibus
592 1290 673 1370 fugit
690 1292 723 1349 in
742 1291 934 1350 altitudinem
953 1310 1102 1351 summam
1120 1296 1226 1355 ventis
1238 1313 1260 1355 se

198 1379 432 1457 suffragantibus
450 1380 523 1439 fota.
560 1385 623 1439 tucn
640 1381 767 1455 rapidum
784 1383 847 1440 iam
865 1382 978 1440 dudm
996 1398 1070 1440 arcu
1087 1388 1227 1445 coum

194 1473 305 1543 parato
328 1470 386 1528 tola
408 1473 507 1528 more
524 1473 649 1544 fratrem
666 1470 817 1544 mycen
834 1472 868 1529 in
885 1475 953 1529 vota
970 1473 1101 1531 cecavit:
1121 1475 1227 1533 voluit

198 1560 288 1634 poeta
309 1560 478 1618 monstrare
497 1561 612 1634 quauta
630 1559 712 1634 apud
729 1559 928 1634 Eurytionem
945 1558 1067 1618 valebat
1084 1561 1227 1623 fraterna

198 1648 314 1725 religio,
337 1666 406 1706 cum
427 1646 507 1706 hunc
528 1658 684 1723 tamquam
704 1648 792 1707 deum
809 1649 933 1725 propria
951 1650 1070 1707 vocavit
1088 1650 1122 1708 in
1141 1654 1225 1713 vota

199 1738 271 1812 quia
301 1736 363 1795 fuit
393 1736 543 1813 Eurytion
574 1735 698 1813 rapidus
733 1737 765 1795 id
797 1740 843 1795 est
875 1737 970 1797 omnis
1002 1756 1102 1797 morus
1135 1760 1225 1817 prae
1238 1759 1261 1801 u

198 1824 333 1899 senione,
361 1825 463 1885 stabat
484 1826 592 1901 parato
617 1844 689 1884 arcu
716 1830 747 1885 et
773 1827 888 1903 sagitta
914 1828 1031 1886 intenta
1059 1830 1090 1885 et
1112 1834 1225 1890 vocato

198 1915 281 1988 prius
298 1915 332 1972 in
344 1917 417 1973 vota
435 1915 540 1974 fratis
553 1916 674 1974 nomine
689 1916 840 1974 volantem
854 1917 1025 1992 speculatus
1043 1919 1091 1975 est
1109 1919 1225 1978 colum·

197 2001 276 2062 bam.
318 2003 489 2079 speculatus
512 2006 558 2063 est
581 2002 661 2079 quod
680 2003 766 2079 dixit,
789 2006 864 2063 artis
883 2005 994 2079 fuerat3
1019 2005 1123 2065 debuit
1141 2008 1225 2067 enim

199 2092 334 2151 volatum
352 2094 415 2151 eius
439 2093 606 2169 explorare,
634 2095 777 2168 quoniam
801 2093 924 2153 turbato
947 2113 982 2153 eo
1006 2097 1096 2169 atque
1118 2096 1225 2156 incon·

146 2185 198 2234 615
207 2182 307 2257 posito
339 2182 466 2240 feriendi
494 2183 577 2241 locus
609 2183 740 2241 inveniri
772 2201 833 2241 non
859 2186 986 2260 poterat.
1036 2186 1100 2243 ium
1127 2203 1225 2246 cacum
1238 2206 1263 2246 so

199 2270 307 2329 lactum
330 2271 408 2330 coelo
431 2270 597 2345 speculatus
620 2275 647 2329 ct
669 2273 728 2330 olis
749 2272 940 2345 plaudentem
967 2275 1056 2347 cipro
1077 2275 1145 2348 spic
1167 2277 1224 2335 aab

198 2360 275 2418 nube
302 2360 480 2419 columbam:
507 2359 561 2418 ubi
587 2359 682 2437 igitur
708 2361 787 2419 hanc
817 2360 896 2418 vidit
927 2362 1015 2421 laetis
1043 2380 1078 2421 ac
1107 2366 1225 2423 securis

199 2447 350 2507 volatibus
373 2448 459 2525 ferri,
487 2450 559 2508 iecit
582 2450 727 2526 sagittam
750 2454 781 2509 et
803 2451 972 2509 columbam
998 2453 1031 2508 in
1059 2470 1127 2510 aare
1152 2470 1223 2512 con·

199 2535 273 2596 fixit.
320 2541 450 2612 quantoe
472 2539 600 2614 peritiae
627 2538 689 2596 fuit
710 2539 863 2598 volantem
891 2542 1045 2617 percutere
1073 2542 1167 2615 atque
1191 2542 1223 2600 in

200 2626 262 2684 alto
291 2627 500 2702 constitutam,
527 2629 683 2704 praeterea
706 2627 916 2687 obumbratam
942 2628 1020 2688 nube
1051 2631 1132 2688 atra!
1166 2630 1223 2690 hoc
1236 2649 1262 2691 ss

199 2714 265 2773 loco
289 2718 320 2774 et
342 2717 453 2791 peritia
475 2716 619 2775 laudatur
637 2719 667 2776 et
686 2720 766 2777 acies
784 2718 917 2793 luminis,
940 2720 1026 2777 utin
1044 2720 1132 2777 tanta
1151 2720 1223 2778 alti·

199 2801 304 2863 tudine
327 2807 358 2862 et
381 2805 478 2864 adhuc
494 2805 649 2864 volantem
673 2806 727 2865 sub
751 2808 849 2866 colore
872 2807 960 2866 nubis
978 2810 1085 2882 taetro,
1108 2807 1222 2867 librato

199 2891 330 2968 primum
352 2894 414 2952 telo
438 2897 469 2953 et
486 2892 588 2953 videre
606 2896 740 2971 potuerit
759 2899 790 2954 et
811 2896 909 2955 ferire.
951 2897 1058 2956 decidii
1075 2900 1222 2957 aecimis

198 2983 345 3055 citansque
371 2983 511 3057 relinquit
532 2985 566 3042 ic
589 2986 678 3043 astris
702 2987 793 3044 ocrim
815 2987 962 3059 mamque
985 2987 1075 3058 refect
1097 2986 1223 3060 delapso

198 3072 351 3145 capitium:
380 3073 475 3130 vitam
503 3072 555 3130 diu
582 3075 683 3131 tencre
706 3093 766 3132 non
789 3076 889 3151 potuit
912 3078 943 3134 et
965 3075 1110 3134 exanimis
1133 3075 1222 3151 lapsa
1235 3096 1264 3136 so

199 3159 356 3237 sagittam,
389 3180 480 3236 quam
513 3163 682 3238 exceperat,
714 3162 851 3222 reddidit.
908 3183 968 3223 non
1001 3164 1077 3222 dixit
1106 3165 1223 3242 sagitta

199 3250 353 3308 revocavit
366 3249 543 3325 columbam,
563 3269 639 3325 quae
653 3251 751 3326 ruptis
765 3252 893 3312 vinculis
912 3253 1040 3330 fugerat,
1059 3252 1120 3327 sed,
1140 3255 1223 3329 quod

273 3423 287 3471 1
307 3419 422 3487 impedit
434 3420 478 3474 cd.
533 3426 549 3473 3
565 3422 666 3489 pucati
677 3422 785 3487 fuerint
798 3422 850 3475 LR
863 3430 929 3491 quot
940 3424 961 3490 f.
975 3423 1024 3477 edI
1038 3430 1103 3493 essct
1116 3423 1183 3478 eds.

200 3490 307 3545 amco
325 3491 489 3559 rumperet
512 3492 615 3546 nodum
633 3510 656 3545 r.
675 3492 702 3545 R
724 3494 811 3548 eodm
827 3511 851 3547 r.
870 3494 914 3548 ed.
1011 3495 1120 3549 lucca
1138 3495 1183 3550 ed.

192 3566 227 3616 11
245 3561 311 3631 som
330 3578 384 3618 cm,
405 3562 448 3619 ed.
510 3568 543 3618 15
562 3564 611 3618 boo
629 3570 668 3618 est
686 3563 730 3617 ed·
790 3570 823 3618 22
842 3567 982 3620 scaccos
1000 3566 1059 3620 LR.
1120 3571 1155 3619 25
1174 3569 1223 3622 ob-

183 3636 322 3695 umbrato
335 3637 392 3694 LR
407 3637 450 3696 ed.
467 3644 540 3697 -tom
552 3652 615 3692 nos.
672 3640 707 3689 ‘tt
721 3636 833 3704 roboat-t
844 3636 889 3688 ed.
901 3638 1005 3703 locuto
1019 3637 1045 3690 R
1058 3638 1139 3691 coriis
1152 3638 1183 3693 L.

179 3712 213 3759 ⁹⁶2
230 3713 338 3783 fuerat
354 3714 380 3771 L
401 3713 434 3772 in
452 3714 575 3791 fuyacut
594 3727 668 3767 cour.
678 3707 709 3763 u
724 3707 790 3776 ipse
803 3707 895 3760 ldouo
909 3706 1001 3769 locros
1016 3706 1084 3756 edu„
