2734 4159
586 329 769 386 AENEIDOS
788 331 814 385 V
1149 330 1215 395 459

195 502 294 577 magis
317 499 391 560 Niso
414 500 584 576 proximum
613 502 704 558 fuisse
733 519 823 575 quam
847 500 992 576 Euryalo,
1020 500 1092 559 licet
1119 499 1215 559 adhuc

195 590 361 665 plurimum
391 591 530 663 restaret,
564 590 679 647 seilicet
706 592 741 646 ut
769 588 850 664 quod
878 593 948 647 ante
973 588 1088 648 Salium
1115 590 1216 649 fuerat

196 699 257 738 non
280 682 400 737 tantum
418 678 568 755 prolixum
586 679 693 737 fuisset
712 696 803 753 quarn
822 678 881 735 fuit
900 679 980 754 quod
1000 682 1116 755 atergo
1135 680 1215 738 inter

195 770 296 843 ipsum
311 771 341 825 et
353 768 519 843 Euryalum
531 767 717 825 tendebatur.
750 767 868 825 Primus
887 767 983 844 igitur
1001 768 1100 826 fuerat
1113 768 1215 842 Nisus,

166 878 180 918 e
196 857 343 915 secundus
363 856 471 931 Salius,
491 857 640 932 Euryalus
659 855 774 915 tertius.
817 858 949 931 spatium
968 876 1027 932 quo
1046 856 1215 931 Euryalum

194 949 397 1021 praecesserat
419 945 511 1004 Nisus
534 945 655 1004 tenebat
679 944 778 1003 Salius
801 945 946 1019 medium,
978 947 1021 1005 sic
1048 948 1149 1006 tamen
1179 949 1215 1004 ut

194 1035 384 1111 praecedenti
406 1035 480 1093 Niso
503 1036 600 1112 magis
624 1054 715 1109 quam
743 1036 880 1109 sequenti
903 1034 1035 1110 Euryalo
1062 1035 1214 1110 proximus

194 1124 355 1183 videretur.
392 1124 617 1198 Euryalumque
630 1124 775 1197 Helymus
797 1126 936 1196 sequitur,
959 1142 1015 1197 quo
1038 1124 1142 1182 deiude
1158 1125 1213 1182 sub

194 1216 258 1286 ipso
283 1230 343 1273 ecce
365 1214 444 1272 colat
465 1214 627 1286 calcemque
645 1215 711 1271 terit
727 1216 790 1271 iam
808 1214 885 1271 calce
903 1214 1025 1272 Diores:
1048 1212 1214 1288 Euryalum

152 1301 376 1377 insequebatur
393 1302 548 1377 Helymus,
562 1301 724 1378 Helymum
742 1301 848 1360 Diores
868 1305 958 1377 atque
977 1302 1030 1375 ita,
1049 1304 1084 1360 ut
1102 1301 1214 1361 calcem

193 1391 400 1466 praecedentis
427 1393 576 1466 posterior
602 1393 726 1464 tereret,
756 1391 811 1449 hoe
840 1394 885 1449 est
912 1394 1032 1450 tantum
1058 1392 1213 1467 proximus

193 1480 287 1555 priori
301 1480 449 1555 posterior
468 1481 539 1553 fuit,
562 1483 598 1538 ut
616 1480 705 1555 pedes
725 1480 802 1553 eius,
826 1480 897 1537 dnm
916 1479 1090 1539 coniunctus
1110 1499 1212 1555 seque·

193 1571 286 1644 retur,
305 1570 460 1628 obtereret.
497 1570 666 1629 incumbens
684 1587 798 1628 umero:
820 1572 940 1644 praeter
957 1569 1076 1644 pulsum
1095 1570 1204 1645 pedum
1214 1576 1267 1625 325

193 1677 296 1717 nmero
326 1678 445 1734 quoque
472 1658 613 1717 trudebat
640 1657 859 1734 perdurantem.
905 1661 1004 1731 spatia
1028 1663 1053 1717 et
1074 1662 1101 1717 si
1123 1660 1213 1731 ptura

152 1750 353 1820 iesupersiut,
382 1752 513 1807 trauseat
539 1747 657 1821 elapsus
680 1750 769 1820 qorior
796 1749 1022 1824 ambiquumque
1050 1750 1213 1820 reiiuquat:

193 1856 376 1913 quamquam
394 1837 482 1912 plura
501 1838 601 1911 spatia
618 1839 768 1896 restarent
787 1836 894 1911 quibus
912 1838 1041 1896 transire
1056 1839 1211 1912 potuisset,

192 1925 346 1986 nitebatur
368 1929 479 1999 tamen,
502 1928 537 1983 ut
561 1929 688 1984 certum¹
701 1926 737 1984 de
756 1944 807 2001 spe
826 1927 969 1985 victoriae
987 1927 1100 1986 faceret
1118 1928 1212 1985 incer-

192 2017 266 2073 tum.
312 2018 429 2089 iamque
451 2017 512 2089 fere
534 2017 629 2087 spatio
653 2018 785 2083 ectremo,
809 2015 924 2074 scilieet
942 2035 1002 2091 quo
1022 2015 1060 2073 ad
1078 2015 1212 2091 palmam

192 2105 293 2179 potuit
310 2104 469 2179 perveniri,
492 2105 618 2177 fessique
640 2105 695 2162 sub
709 2106 807 2176 ipsam
824 2106 912 2177 taem
932 2106 1137 2173 adventabant,
1156 2105 1212 2164 ieci

150 2214 178 2254 eo
191 2212 259 2253 emm
285 2195 429 2268 suaquiae
451 2194 545 2251 Nisus
575 2194 685 2252 labitur
714 2194 833 2265 iufeiia:
866 2193 926 2252 levi
961 2213 1026 2252 curn
1058 2195 1211 2271 sanguine,

191 2302 281 2358 quem
303 2287 385 2341 terra
407 2302 467 2341 non
489 2282 614 2341 bibisset
637 2284 667 2340 et
690 2284 769 2341 inter
791 2282 898 2341 herbas
918 2284 1090 2360 congelatus
1110 2302 1210 2358 super·

191 2375 282 2447 esset,
310 2372 424 2430 labitur
446 2371 563 2444 infelix,
590 2373 696 2445 utpote
720 2372 772 2447 qui
795 2390 865 2430 casu
888 2371 1066 2448 perdidisset
1088 2372 1210 2430 virtutis

190 2462 318 2538 insigne.
374 2479 464 2519 causa
494 2460 648 2537 sanguinis
678 2461 765 2518 effusi
792 2460 915 2519 dicitnr:
948 2464 1041 2520 caesis
1072 2466 1105 2519 ut
1136 2463 1211 2534 forte

189 2551 321 2608 iuoeacis
347 2551 434 2622 fusas
461 2551 542 2607 iiumi
565 2551 726 2622 uiridisque
752 2567 841 2622 super
867 2551 1062 2622 raadcfecerat
1082 2551 1202 2609 herbas:
1211 2555 1265 2603 330

148 2659 174 2701 m
190 2638 269 2697 duae
292 2640 413 2697 fuerunt
440 2639 543 2714 lapsus
571 2658 692 2712 causae,
724 2638 817 2696 herba
844 2638 949 2697 viridis
978 2642 1008 2698 et
1035 2640 1209 2714 superfusus

190 2728 321 2805 sanguis.
363 2729 439 2800 iam,
461 2728 573 2802 inquit,
597 2727 721 2787 definita
748 2728 934 2786 currentibus
962 2728 1062 2803 spatia
1091 2730 1209 2803 conple-

188 2817 301 2875 bantur
323 2818 505 2893 perindeque
519 2817 593 2875 Niso
616 2837 676 2875 non
699 2817 814 2875 multus
834 2817 872 2873 ad
890 2817 1063 2892 inplendum
1082 2817 1208 2895 gloriam

189 2908 346 2981 supererat
367 2906 461 2977 labor,
486 2925 552 2963 cum
576 2906 674 2965 subito
698 2906 803 2963 infelix
821 2906 908 2981 lapsu
927 2924 1015 2981 super
1033 2908 1210 2984 sanguinem

189 2995 321 3054 concidit
340 2998 370 3053 et
388 2996 529 3070 deceptus
548 2995 679 3070 perdidit
697 2995 837 3070 palmam.
874 3013 934 3053 riou
953 2999 1048 3054 tamem
1067 2996 1207 3070 Eurqaii,

263 3152 278 3199 3
298 3153 406 3201 tautum
420 3148 472 3200 LR
487 3148 530 3201 ed.
546 3155 602 3201 tom
620 3165 634 3199 r
653 3163 690 3200 an
708 3154 843 3216 quamtum
862 3164 913 3215 pro
932 3153 1033 3215 quam?
1096 3153 1109 3199 7
1126 3165 1208 3216 prae·

185 3219 296 3272 cedente
314 3218 344 3271 L.
456 3224 488 3271 13
510 3219 616 3284 fulsum
639 3218 692 3271 LR
710 3220 825 3287 puisaia
848 3237 861 3271 r
880 3220 1086 3288 proximitatem
1110 3219 1153 3271 ed.

191 3294 224 3341 16
244 3306 410 3358 quamquam
425 3292 511 3358 plara
530 3290 582 3342 LR
602 3289 658 3342 ed:
677 3288 785 3358 legitne
804 3290 874 3342 Dan.
895 3291 960 3343 etsi?
996 3307 1033 3343 an
1050 3306 1107 3343 aaa
1122 3291 1209 3357 plura

186 3360 397 3413 emendandum
415 3364 476 3414 est?
510 3364 717 3428 utrumcunque
736 3361 891 3426 admiseris,
911 3361 1030 3414 obseura
1049 3361 1103 3413 erit
1122 3361 1208 3414 inter-

188 3432 320 3500 pretatio.
347 3436 350 3502 Ι
375 3435 530 3500 potuissent
547 3432 580 3484 R.
655 3437 687 3484 17
708 3433 847 3486 scitabatur
866 3439 956 3486 tamea
975 3449 1028 3486 om.
1048 3433 1073 3484 R
1092 3433 1156 3485 add.
1177 3432 1208 3484 in

189 3518 279 3572 marg.
299 3503 357 3557 sive
376 3504 437 3572 ipse
457 3504 515 3557 sive
533 3522 554 3557 r.
629 3509 663 3556 22
679 3505 814 3570 periisset
827 3503 856 3555 L.
922 3508 955 3556 23
975 3505 1079 3557 dicitur
1098 3520 1151 3556 orn.
1163 3503 1206 3555 ed.

244 3579 278 3627 24
296 3575 374 3627 humi
391 3574 444 3626 th
462 3577 574 3629 burrum
594 3574 637 3627 ed.
657 3578 686 3627 et
705 3575 806 3643 optimi
825 3574 909 3644 Verg.
928 3574 1003 3628 libri.
1085 3581 1117 3627 27
1137 3576 1224 3639 aral-¹

187 3651 230 3699 tos
249 3645 278 3697 L.
369 3651 401 3698 29
422 3664 445 3698 v.
457 3652 597 3699 331-333
617 3647 811 3700 bic—cruore
830 3663 885 3698 non
905 3648 1003 3699 extant
1021 3645 1051 3698 in
1070 3646 1122 3699 LR
1141 3646 1207 3699 add.

186 3717 246 3770 ed:
275 3717 455 3770 antecedenti
473 3718 600 3771 lemmati
618 3717 714 3786 potius
738 3717 918 3784 adiecissem,
943 3717 967 3769 si
990 3716 1205 3786 explicarentur.
