2734 4159
216 327 281 391 608
496 324 636 388 DONATI
654 324 823 378 INTERPR.
844 323 951 378 VERG.

162 491 304 569 tsstprole
324 496 431 564 virum,
450 495 547 568 quoru
566 494 742 567 Berecyntio
759 496 853 553 mater
870 494 1015 551 invehitur
1033 510 1124 551 curru
1142 493 1233 568 Perp-

213 586 281 657 μίαν
303 586 411 643 turrito
427 601 485 657 per
507 584 605 642 urbis:
627 584 709 642 omni
731 590 838 661 genere
860 582 986 641 laudato
1009 585 1064 656 est,
1084 584 1233 658 positione

214 674 282 748 loei,
305 671 454 749 potentis,
481 673 594 731 virtute
618 675 649 730 et
671 672 817 732 felicitate
841 670 954 731 subolis
977 690 1061 745 suae,
1087 671 1160 730 telis
1183 671 1234 730 hn-

215 762 316 821 bitura
344 764 471 835 animos,
499 762 598 837 qualis
616 761 714 831 hebet
736 763 833 820 mater
856 761 957 836 deum,
984 778 1051 818 oum
1074 779 1128 835 per
1151 760 1234 819 urbis

215 851 362 927 Phrygius
382 851 485 909 fertur.
520 852 824 923 imperterritum
841 852 921 922 tleete
939 851 1024 917 oeteo,
1043 850 1120 908 hone
1138 851 1236 923 ospioe
1260 866 1270 907 s

103 931 106 936 ’
163 946 215 995 ‘190
222 944 334 1015 pentem
356 940 562 1013 Romanosque
588 936 679 1014 tuos[,
703 940 750 998 hie
774 937 886 998 Goesor
913 942 940 998 et
966 940 1061 998 erneis
1082 939 1148 997 Iuli
1164 956 1236 1011 pro·

213 1027 342 1106 pentesJ:
371 1028 492 1105 quando
516 1027 556 1087 sd
579 1026 737 1088 Gaesarem
759 1029 844 1087 venit
866 1030 897 1086 et
920 1028 983 1087 eius
1006 1046 1114 1086 nomen
1138 1027 1236 1087 voluit

215 1120 366 1195 praeferre
394 1121 424 1176 et
451 1117 626 1177 confirmare
654 1117 735 1194 quod
762 1136 780 1176 a
803 1117 941 1177 Troianis
965 1118 1112 1195 originem
1136 1117 1236 1191 duest,

216 1207 332 1266 addidit
358 1207 567 1266 hortationem.
613 1225 674 1279 res,
702 1207 816 1281 inquit,
844 1224 955 1283 magna
978 1210 1035 1281 est,
1064 1223 1155 1281 quam
1178 1206 1236 1265 tibi

214 1300 434 1356 monstraturus
462 1314 541 1355 sum:
574 1296 699 1370 proinde
726 1297 846 1372 plenam
875 1296 969 1354 aeiem
996 1298 1116 1354 tuorum
1146 1296 1235 1354 lumi·
1249 1314 1272 1356 ιν

215 1406 287 1445 num
315 1386 353 1444 ud
381 1404 448 1443 eam
475 1386 637 1444 convertes.
682 1385 757 1443 haee
780 1387 825 1443 est
848 1403 920 1463 gens
943 1386 1005 1459 tua,
1028 1384 1060 1441 hi
1083 1387 1155 1443 sunt
1178 1384 1235 1443 Ro·

214 1477 297 1534 msni
329 1478 359 1533 et
385 1474 447 1532 Iuli
474 1474 613 1533 universa
640 1475 810 1552 progenies,
843 1477 875 1532 in
903 1493 964 1549 qus
991 1476 1037 1532 est
1064 1476 1094 1531 et
1117 1471 1236 1533 anser.

215 1563 366 1623 laudantis
389 1563 489 1621 studio
512 1563 610 1638 primo
630 1561 786 1622 Gaesarem
811 1562 981 1639 specialiter
998 1564 1108 1638 posuit,
1128 1562 1235 1622 dehine

215 1654 396 1731 generaliter
414 1655 536 1712 eeteros
572 1670 714 1727 moyerem
736 1652 809 1712 coeti
831 1655 955 1712 venturo
978 1653 1032 1711 sub
1056 1668 1156 1711 axem:
1180 1652 1235 1710 sub

216 1742 264 1800 exi
292 1742 368 1801 eseli
396 1744 466 1801 sunt
494 1760 595 1800 omnes
624 1742 675 1815 qui
703 1742 845 1800 fruuntur
866 1742 947 1817 lure,
975 1740 1027 1800 sed
1049 1741 1097 1799 hio
1121 1740 1235 1800 dietum
1249 1762 1273 1803 u

216 1833 344 1890 estnon
366 1833 485 1889 tantum
508 1832 603 1889 ituros
626 1831 659 1889 in
682 1830 778 1889 lucem
801 1850 905 1889 verum
928 1831 1021 1889 etiem
1043 1828 1150 1888 merito
1175 1832 1234 1889 vir·

215 1922 290 1979 tutis
312 1939 407 1995 usque
431 1920 469 1979 ed
492 1920 591 1996 ipsum
614 1919 691 1979 eseli
714 1939 798 1978 exem
822 1938 885 1980 esse
908 1921 1058 1979 venturos.
1103 1920 1150 1979 hie
1178 1921 1234 1986 eir,

215 2011 262 2069 ite
284 2011 400 2069 esttibi
422 2027 507 2081 quem
523 2010 658 2082 promet
680 2011 798 2082 saepius
818 2010 914 2077 audis,
933 2006 1088 2082 Auyustus
1109 2007 1235 2067 Caesar:

215 2100 264 2157 hio
292 2102 350 2173 est,
377 2098 490 2175 inquit,
517 2100 564 2157 vir
592 2100 675 2158 euius
703 2099 782 2157 inter
809 2098 939 2156 maxime
967 2100 1031 2173 spei
1053 2100 1123 2156 tuae
1147 2116 1234 2157 orna·

215 2191 316 2247 mento
343 2189 532 2265 promittitur
560 2187 660 2261 decus,
683 2189 748 2262 ipse
777 2190 822 2245 est
846 2186 1002 2264 Augustus
1027 2184 1143 2245 (laesor.
1189 2187 1233 2245 in·
1248 2208 1272 2248 so

216 2278 291 2353 oipit
313 2277 411 2336 dicere
435 2276 507 2352 quid
530 2278 571 2336 sit
595 2277 674 2351 quod
699 2276 742 2334 ait
765 2278 825 2352 vir3
857 2295 916 2335 nou
940 2276 1021 2335 enim
1044 2295 1146 2335 sexum
1169 2275 1233 2335 eius

216 2366 383 2444 significare
406 2368 512 2439 voluit,
536 2367 588 2425 sed
611 2367 705 2425 foeta:
741 2366 869 2441 deniquo
888 2367 1024 2440 sequitur
1041 2360 1123 2442 †qui
1141 2382 1234 2424 aureo

216 2456 312 2514 condit
333 2457 453 2515 soeeulo
475 2458 522 2513 eir
544 2456 605 2514 diei
625 2472 719 2529 penus
741 2458 789 2514 vir
812 2457 863 2529 qui
880 2472 985 2513 rursus
1003 2453 1093 2513 Lateo
1111 2459 1234 2528 repento

210 2562 267 2616 per
290 2562 364 2603 oreo
386 2544 516 2604 Saturno
539 2545 695 2619 quondam,
713 2562 803 2618 super
826 2544 1073 2604 etGoromoetus
1096 2547 1123 2602 et
1140 2543 1234 2602 Indos

164 2638 215 2686 795
219 2634 351 2705 proferet
376 2635 545 2706 imperium,
577 2636 652 2692 iacet
679 2638 761 2692 extro
787 2635 886 2693 sidero
917 2634 1013 2701 tellus,
1046 2637 1128 2691 extra
1161 2636 1234 2691 anui
1247 2654 1270 2694 u

215 2722 340 2794 solisque
362 2724 436 2790 utos,
459 2722 510 2780 ubi
533 2721 651 2794 caelifer
668 2720 778 2781 Atlans
796 2741 880 2781 orem
898 2740 996 2781 umero
1016 2724 1126 2794 torquet
1144 2724 1234 2782 stellis

216 2809 385 2868 ardentibus
404 2814 520 2884 aptum:
543 2812 590 2869 vir
608 2811 657 2868 hio
676 2813 721 2868 est
740 2813 793 2885 qui
812 2811 850 2869 ed
868 2811 1096 2870 similitudinem
1111 2810 1233 2870 Saturni

289 3001 302 3047 1
323 2996 508 3067 bereehyuete'o
527 2997 561 3050 V.
652 3002 667 3049 2
688 2998 765 3052 urbis
786 2999 850 3052 finis
873 2998 1016 3053 lemmatis
1040 2999 1070 3052 in
1089 2999 1113 3051 V
1138 3015 1232 3054 versus

218 3072 268 3120 786
288 3071 316 3121 et
336 3073 386 3120 787
407 3069 471 3121 edd.
492 3069 544 3135 ed.‚
564 3068 613 3121 sed
632 3084 689 3121 non
708 3069 892 3138 explicentur.
953 3076 968 3123 3
988 3072 1116 3126 virtuose
1134 3070 1160 3123 V
1177 3072 1232 3124 vir·

216 3146 271 3193 tute
291 3139 334 3191 ed.
351 3145 354 3203 t
372 3140 436 3193 talis
447 3144 507 3191 -4
526 3140 620 3208 quoles
638 3138 671 3193 V.
759 3146 774 3193 6
793 3143 837 3196 hie
848 3173 880 3181 —
888 3143 1032 3212 progenies
1051 3141 1131 3195 deest
1149 3142 1181 3195 in
1199 3142 1232 3206 V,

217 3210 265 3263 sed
285 3209 449 3279 explicatur.
507 3217 538 3263 11
559 3228 618 3264 eom
632 3210 704 3265 Veo
719 3212 761 3267 ed.
819 3218 851 3266 15
870 3231 922 3268 osee
942 3213 984 3266 ed.
1041 3217 1073 3266 16
1093 3214 1185 3268 iturus
1199 3213 1231 3268 V.

271 3287 303 3334 22
322 3283 387 3350 post
405 3282 528 3350 sequitur
545 3298 596 3350 pro
615 3281 748 3336 lemmate
767 3285 874 3353 scripto
893 3286 941 3352 qui
959 3302 1045 3339 owreo
1063 3284 1157 3339 coedit
1175 3302 1232 3339 soe·

215 3354 280 3407 cula
302 3355 346 3406 eir
369 3354 428 3407 divi
449 3370 535 3423 qenes
557 3355 601 3407 vir
624 3356 672 3422 qui
694 3372 791 3410 rursum
810 3358 861 3409 eto.
882 3356 969 3408 habet
986 3354 1024 3409 V:
1053 3356 1232 3409 scribendum

215 3424 327 3477 videtur
345 3425 394 3489 vir,
414 3426 473 3478 divi
490 3442 583 3494 penus,
603 3427 644 3478 vir
662 3428 711 3495 qui
729 3445 815 3480 aurea
833 3428 925 3481 coedit
943 3428 1053 3481 soeculo
1066 3444 1165 3481 rursm
1178 3430 1230 3481 ete.

217 3495 398 3564 (transposito
423 3499 520 3549 contro
543 3499 663 3550 metrum
686 3499 735 3566 qui
757 3498 907 3552 ordinandi
931 3514 1027 3551 sensus
1047 3501 1157 3567 oense),
1182 3499 1231 3552 sed

217 3583 326 3619 erucem
350 3583 492 3636 opponere
515 3568 629 3621 traditis
653 3569 743 3622 verbis
767 3569 867 3634 molui3
896 3570 989 3623 diuum
1010 3587 1096 3638 perros
1113 3587 1164 3638 pro
1184 3572 1233 3638 qui

215 3638 345 3707 praefixit
372 3641 415 3693 oie·
428 3671 462 3679 -
477 3640 520 3692 vir
543 3655 595 3693 om.
616 3639 659 3692 ed.
697 3657 748 3693 neo
776 3641 869 3693 coedit
896 3640 1016 3705 mutavi,
1045 3641 1113 3709 quio
1139 3642 1179 3696 sio
1203 3644 1232 3696 et

216 3709 290 3763 infra
309 3710 340 3762 V.
415 3716 449 3763 26
468 3711 537 3764 coeli
555 3713 666 3765 athlans
683 3711 716 3765 V.
735 3715 739 3780 Ι
758 3712 840 3765 stillis
858 3711 890 3764 V.
