<?xml version="1.0" encoding="UTF-8"?>
<!DOCTYPE html PUBLIC "-//W3C//DTD XHTML 1.0 Transitional//EN"
    "http://www.w3.org/TR/xhtml1/DTD/xhtml1-transitional.dtd">
<html xmlns="http://www.w3.org/1999/xhtml" xml:lang="en" lang="en">
 <head>
  <title>
</title>
<meta http-equiv="Content-Type" content="text/html;charset=utf-8" />
  <meta name='ocr-system' content='tesseract 3.04.00' />
  <meta name='ocr-capabilities' content='ocr_page ocr_carea ocr_par ocr_line ocrx_word'/>
</head>
<body>
  <div class='ocr_page' id='page_1' title='image "./tibericlaudidon02georgoog_0376.png"; bbox 0 0 2734 4159; ppageno 0'>
   <div class='ocr_carea' id='block_1_1' title="bbox 580 323 1212 395">
    <p class='ocr_par' dir='ltr' id='par_1_1' title="bbox 580 323 1212 395">
     <span class='ocr_line' id='line_1_1' title="bbox 580 323 1212 395; baseline 0.014 -11"><span class='ocrx_word' id='word_1_1' title='bbox 580 328 764 385; x_wconf 75' lang='lat' dir='ltr'>AENEIDOS</span> <span class='ocrx_word' id='word_1_2' title='bbox 782 330 821 385; x_wconf 91' lang='lat'>111</span> <span class='ocrx_word' id='word_1_3' title='bbox 1006 323 1009 327; x_wconf 63' lang='grc'><strong>’</strong></span> <span class='ocrx_word' id='word_1_4' title='bbox 1146 329 1212 395; x_wconf 77' lang='grc'>315</span> 
     </span>
    </p>
   </div>
   <div class='ocr_carea' id='block_1_2' title="bbox 139 499 1261 3337">
    <p class='ocr_par' dir='ltr' id='par_1_2' title="bbox 139 499 1261 3337">
     <span class='ocr_line' id='line_1_2' title="bbox 192 499 1212 578; baseline 0 -19"><span class='ocrx_word' id='word_1_5' title='bbox 192 501 370 578; x_wconf 82' lang='lat' dir='ltr'>cognomine</span> <span class='ocrx_word' id='word_1_6' title='bbox 402 499 503 559; x_wconf 86' lang='lat' dir='ltr'>rivum</span> <span class='ocrx_word' id='word_1_7' title='bbox 538 517 667 577; x_wconf 83' lang='lat' dir='ltr'>agnosco</span> <span class='ocrx_word' id='word_1_8' title='bbox 701 499 870 574; x_wconf 76' lang='lat' dir='ltr'>Scaeaeque</span> <span class='ocrx_word' id='word_1_9' title='bbox 907 499 1072 574; x_wconf 90' lang='lat' dir='ltr'>amplector</span> <span class='ocrx_word' id='word_1_10' title='bbox 1104 499 1212 559; x_wconf 89' lang='lat' dir='ltr'>limina</span> 
     </span>
     <span class='ocr_line' id='line_1_3' title="bbox 191 588 1211 665; baseline 0 -18"><span class='ocrx_word' id='word_1_11' title='bbox 191 591 312 665; x_wconf 87' lang='lat' dir='ltr'>portae,</span> <span class='ocrx_word' id='word_1_12' title='bbox 339 591 374 647; x_wconf 93' lang='lat' dir='ltr'>ut</span> <span class='ocrx_word' id='word_1_13' title='bbox 396 589 565 648; x_wconf 78' lang='lat' dir='ltr'>ostenderet</span> <span class='ocrx_word' id='word_1_14' title='bbox 587 590 679 648; x_wconf 79' lang='lat' dir='ltr'>fuisse</span> <span class='ocrx_word' id='word_1_15' title='bbox 704 588 826 664; x_wconf 92' lang='lat' dir='ltr'>quidem</span> <span class='ocrx_word' id='word_1_16' title='bbox 848 588 945 646; x_wconf 91' lang='lat' dir='ltr'>multa</span> <span class='ocrx_word' id='word_1_17' title='bbox 969 607 1045 663; x_wconf 90' lang='lat' dir='ltr'>quae</span> <span class='ocrx_word' id='word_1_18' title='bbox 1071 589 1211 647; x_wconf 90' lang='lat' dir='ltr'>similitu·</span> 
     </span>
     <span class='ocr_line' id='line_1_4' title="bbox 192 676 1212 751; baseline -0.002 -14"><span class='ocrx_word' id='word_1_19' title='bbox 192 678 294 737; x_wconf 89' lang='lat' dir='ltr'>dinem</span> <span class='ocrx_word' id='word_1_20' title='bbox 313 681 343 736; x_wconf 90' lang='lat' dir='ltr'>et</span> <span class='ocrx_word' id='word_1_21' title='bbox 361 677 508 737; x_wconf 86' lang='lat' dir='ltr'>vocabula</span> <span class='ocrx_word' id='word_1_22' title='bbox 529 678 664 738; x_wconf 85' lang='lat' dir='ltr'>locorum</span> <span class='ocrx_word' id='word_1_23' title='bbox 687 680 821 738; x_wconf 81' lang='lat' dir='ltr'>veterum</span> <span class='ocrx_word' id='word_1_24' title='bbox 845 676 1003 751; x_wconf 81' lang='lat' dir='ltr'>adferrent,</span> <span class='ocrx_word' id='word_1_25' title='bbox 1026 695 1087 735; x_wconf 89' lang='lat' dir='ltr'>non</span> <span class='ocrx_word' id='word_1_26' title='bbox 1110 679 1212 737; x_wconf 90' lang='lat' dir='ltr'>tamen</span> 
     </span>
     <span class='ocr_line' id='line_1_5' title="bbox 193 765 1211 844; baseline -0.002 -18"><span class='ocrx_word' id='word_1_27' title='bbox 193 766 384 826; x_wconf 76' lang='lat' dir='ltr'>ostenderent</span> <span class='ocrx_word' id='word_1_28' title='bbox 406 765 653 844; x_wconf 85' lang='lat' dir='ltr'>magnitudinem.</span> <span class='ocrx_word' id='word_1_29' title='bbox 695 785 765 825; x_wconf 90' lang='lat' dir='ltr'>nam</span> <span class='ocrx_word' id='word_1_30' title='bbox 788 767 878 826; x_wconf 89' lang='lat' dir='ltr'>Troia</span> <span class='ocrx_word' id='word_1_31' title='bbox 901 766 1010 840; x_wconf 88' lang='lat' dir='ltr'>fuerat,</span> <span class='ocrx_word' id='word_1_32' title='bbox 1033 765 1085 824; x_wconf 91' lang='lat' dir='ltr'>sed</span> <span class='ocrx_word' id='word_1_33' title='bbox 1107 785 1211 842; x_wconf 89' lang='lat' dir='ltr'>parva,</span> 
     </span>
     <span class='ocr_line' id='line_1_6' title="bbox 158 855 1211 933; baseline -0.002 -17"><span class='ocrx_word' id='word_1_34' title='bbox 158 858 224 916; x_wconf 83' lang='lat' dir='ltr'>set</span> <span class='ocrx_word' id='word_1_35' title='bbox 251 856 399 933; x_wconf 83' lang='lat' dir='ltr'>Pergama</span> <span class='ocrx_word' id='word_1_36' title='bbox 425 855 613 915; x_wconf 85' lang='lat' dir='ltr'>mediocriter</span> <span class='ocrx_word' id='word_1_37' title='bbox 639 857 756 917; x_wconf 81' lang='lat' dir='ltr'>structa</span> <span class='ocrx_word' id='word_1_38' title='bbox 783 858 814 914; x_wconf 93' lang='lat' dir='ltr'>et</span> <span class='ocrx_word' id='word_1_39' title='bbox 841 855 945 915; x_wconf 89' lang='lat' dir='ltr'>sitiens</span> <span class='ocrx_word' id='word_1_40' title='bbox 973 855 1123 928; x_wconf 83' lang='lat' dir='ltr'>Xanthus,</span> <span class='ocrx_word' id='word_1_41' title='bbox 1151 874 1211 915; x_wconf 92' lang='lat' dir='ltr'>non</span> 
     </span>
     <span class='ocr_line' id='line_1_7' title="bbox 191 936 1211 1026; baseline -0.001 -22"><span class='ocrx_word' id='word_1_42' title='bbox 191 946 244 1004; x_wconf 92' lang='lat' dir='ltr'>ille</span> <span class='ocrx_word' id='word_1_43' title='bbox 273 945 309 1003; x_wconf 94' lang='lat' dir='ltr'>de</span> <span class='ocrx_word' id='word_1_44' title='bbox 337 964 396 1020; x_wconf 92' lang='lat' dir='ltr'>quo</span> <span class='ocrx_word' id='word_1_45' title='bbox 424 945 484 1003; x_wconf 89' lang='lat' dir='ltr'>alio</span> <span class='ocrx_word' id='word_1_46' title='bbox 511 945 577 1004; x_wconf 91' lang='lat' dir='ltr'>loco</span> <span class='ocrx_word' id='word_1_47' title='bbox 606 938 651 1026; x_wconf 82' lang='lat'>(5,</span> <span class='ocrx_word' id='word_1_48' title='bbox 670 936 750 1025; x_wconf 82' lang='lat'>807)</span> <span class='ocrx_word' id='word_1_49' title='bbox 779 944 890 1003; x_wconf 90' lang='lat' dir='ltr'>dictum</span> <span class='ocrx_word' id='word_1_50' title='bbox 915 945 961 1004; x_wconf 89' lang='lat' dir='ltr'>est</span> <span class='ocrx_word' id='word_1_51' title='bbox 987 962 1059 1019; x_wconf 89' lang='lat' dir='ltr'>„nec</span> <span class='ocrx_word' id='word_1_52' title='bbox 1081 946 1211 1019; x_wconf 88' lang='lat' dir='ltr'>reperire</span> 
     </span>
     <span class='ocr_line' id='line_1_8' title="bbox 191 1029 1210 1109; baseline -0.001 -17"><span class='ocrx_word' id='word_1_53' title='bbox 191 1034 275 1092; x_wconf 90' lang='lat' dir='ltr'>viam</span> <span class='ocrx_word' id='word_1_54' title='bbox 297 1036 388 1109; x_wconf 90' lang='lat' dir='ltr'>atque</span> <span class='ocrx_word' id='word_1_55' title='bbox 412 1033 548 1093; x_wconf 85' lang='lat' dir='ltr'>evolvere</span> <span class='ocrx_word' id='word_1_56' title='bbox 577 1036 679 1109; x_wconf 88' lang='lat' dir='ltr'>posset</span> <span class='ocrx_word' id='word_1_57' title='bbox 706 1034 738 1092; x_wconf 91' lang='lat' dir='ltr'>in</span> <span class='ocrx_word' id='word_1_58' title='bbox 765 1053 847 1092; x_wconf 89' lang='lat' dir='ltr'>mare</span> <span class='ocrx_word' id='word_1_59' title='bbox 875 1052 906 1092; x_wconf 93' lang='lat' dir='ltr'>se</span> <span class='ocrx_word' id='word_1_60' title='bbox 934 1029 1098 1092; x_wconf 88' lang='lat' dir='ltr'>Xanthus“.</span> <span class='ocrx_word' id='word_1_61' title='bbox 1144 1052 1210 1092; x_wconf 89' lang='lat' dir='ltr'>ecce</span> 
     </span>
     <span class='ocr_line' id='line_1_9' title="bbox 192 1122 1209 1200; baseline -0.002 -19"><span class='ocrx_word' id='word_1_62' title='bbox 192 1122 325 1182; x_wconf 88' lang='lat' dir='ltr'>ostendit</span> <span class='ocrx_word' id='word_1_63' title='bbox 346 1142 452 1182; x_wconf 85' lang='lat' dir='ltr'>verum</span> <span class='ocrx_word' id='word_1_64' title='bbox 475 1123 628 1181; x_wconf 86' lang='lat' dir='ltr'>Xanthum</span> <span class='ocrx_word' id='word_1_65' title='bbox 650 1124 769 1200; x_wconf 76' lang='lat' dir='ltr'>copiose</span> <span class='ocrx_word' id='word_1_66' title='bbox 792 1123 893 1198; x_wconf 88' lang='lat' dir='ltr'>fluere,</span> <span class='ocrx_word' id='word_1_67' title='bbox 914 1122 1003 1181; x_wconf 92' lang='lat' dir='ltr'>illum</span> <span class='ocrx_word' id='word_1_68' title='bbox 1025 1141 1095 1182; x_wconf 86' lang='lat' dir='ltr'>vero</span> <span class='ocrx_word' id='word_1_69' title='bbox 1119 1124 1209 1181; x_wconf 89' lang='lat' dir='ltr'>simu-</span> 
     </span>
     <span class='ocr_line' id='line_1_10' title="bbox 190 1212 1210 1286; baseline 0 -16"><span class='ocrx_word' id='word_1_70' title='bbox 190 1212 290 1270; x_wconf 87' lang='lat' dir='ltr'>latum</span> <span class='ocrx_word' id='word_1_71' title='bbox 317 1214 347 1269; x_wconf 91' lang='lat' dir='ltr'>et</span> <span class='ocrx_word' id='word_1_72' title='bbox 373 1212 473 1271; x_wconf 89' lang='lat' dir='ltr'>rivum</span> <span class='ocrx_word' id='word_1_73' title='bbox 500 1231 562 1271; x_wconf 88' lang='lat' dir='ltr'>esse</span> <span class='ocrx_word' id='word_1_74' title='bbox 590 1215 621 1271; x_wconf 93' lang='lat' dir='ltr'>et</span> <span class='ocrx_word' id='word_1_75' title='bbox 647 1212 778 1286; x_wconf 89' lang='lat' dir='ltr'>aridum,</span> <span class='ocrx_word' id='word_1_76' title='bbox 809 1215 844 1270; x_wconf 92' lang='lat' dir='ltr'>ut</span> <span class='ocrx_word' id='word_1_77' title='bbox 871 1212 969 1271; x_wconf 91' lang='lat' dir='ltr'>solum</span> <span class='ocrx_word' id='word_1_78' title='bbox 996 1230 1118 1286; x_wconf 91' lang='lat' dir='ltr'>nomen,</span> <span class='ocrx_word' id='word_1_79' title='bbox 1149 1231 1210 1271; x_wconf 93' lang='lat' dir='ltr'>non</span> 
     </span>
     <span class='ocr_line' id='line_1_11' title="bbox 145 1300 1211 1376; baseline -0.003 -14"><span class='ocrx_word' id='word_1_80' title='bbox 145 1323 176 1362; x_wconf 88' lang='grc' dir='ltr'>ιο</span> <span class='ocrx_word' id='word_1_81' title='bbox 192 1302 286 1360; x_wconf 85' lang='lat' dir='ltr'>etiam</span> <span class='ocrx_word' id='word_1_82' title='bbox 317 1320 421 1376; x_wconf 90' lang='lat' dir='ltr'>parem</span> <span class='ocrx_word' id='word_1_83' title='bbox 452 1300 651 1360; x_wconf 88' lang='lat' dir='ltr'>substantiam</span> <span class='ocrx_word' id='word_1_84' title='bbox 683 1302 834 1360; x_wconf 88' lang='lat' dir='ltr'>retineret.</span> <span class='ocrx_word' id='word_1_85' title='bbox 886 1319 939 1360; x_wconf 79' lang='lat' dir='ltr'>nec</span> <span class='ocrx_word' id='word_1_86' title='bbox 964 1318 1025 1359; x_wconf 77' lang='lat' dir='ltr'>ccc</span> <span class='ocrx_word' id='word_1_87' title='bbox 1052 1304 1078 1359; x_wconf 83' lang='lat' dir='ltr'>et</span> <span class='ocrx_word' id='word_1_88' title='bbox 1105 1300 1211 1359; x_wconf 80' lang='lat' dir='ltr'>Teucri</span> 
     </span>
     <span class='ocr_line' id='line_1_12' title="bbox 189 1389 1210 1464; baseline 0 -16"><span class='ocrx_word' id='word_1_89' title='bbox 189 1392 271 1449; x_wconf 71' lang='lat' dir='ltr'>socia</span> <span class='ocrx_word' id='word_1_90' title='bbox 293 1391 383 1449; x_wconf 79' lang='lat' dir='ltr'>simul</span> <span class='ocrx_word' id='word_1_91' title='bbox 404 1390 476 1449; x_wconf 71' lang='lat' dir='ltr'>eabe</span> <span class='ocrx_word' id='word_1_92' title='bbox 497 1391 655 1463; x_wconf 75' lang='lat' dir='ltr'>fruuntur:</span> <span class='ocrx_word' id='word_1_93' title='bbox 677 1390 810 1464; x_wconf 89' lang='lat' dir='ltr'>Aenean,</span> <span class='ocrx_word' id='word_1_94' title='bbox 827 1390 979 1449; x_wconf 83' lang='lat' dir='ltr'>Anchisen</span> <span class='ocrx_word' id='word_1_95' title='bbox 1000 1392 1030 1449; x_wconf 91' lang='lat' dir='ltr'>et</span> <span class='ocrx_word' id='word_1_96' title='bbox 1047 1389 1210 1449; x_wconf 86' lang='lat' dir='ltr'>Ascanium</span> 
     </span>
     <span class='ocr_line' id='line_1_13' title="bbox 190 1478 1210 1555; baseline 0.001 -19"><span class='ocrx_word' id='word_1_97' title='bbox 190 1479 278 1537; x_wconf 89' lang='lat' dir='ltr'>duxit</span> <span class='ocrx_word' id='word_1_98' title='bbox 314 1479 352 1537; x_wconf 92' lang='lat' dir='ltr'>ad</span> <span class='ocrx_word' id='word_1_99' title='bbox 388 1478 511 1537; x_wconf 90' lang='lat' dir='ltr'>domum</span> <span class='ocrx_word' id='word_1_100' title='bbox 546 1498 644 1553; x_wconf 89' lang='lat' dir='ltr'>suam,</span> <span class='ocrx_word' id='word_1_101' title='bbox 681 1479 803 1539; x_wconf 89' lang='lat' dir='ltr'>Troiani</span> <span class='ocrx_word' id='word_1_102' title='bbox 841 1480 932 1539; x_wconf 89' lang='lat' dir='ltr'>ceteri</span> <span class='ocrx_word' id='word_1_103' title='bbox 968 1500 1022 1555; x_wconf 90' lang='lat' dir='ltr'>per</span> <span class='ocrx_word' id='word_1_104' title='bbox 1056 1478 1210 1538; x_wconf 88' lang='lat' dir='ltr'>civitatem</span> 
     </span>
     <span class='ocr_line' id='line_1_14' title="bbox 189 1567 1210 1646; baseline 0.001 -21"><span class='ocrx_word' id='word_1_105' title='bbox 189 1567 323 1644; x_wconf 89' lang='lat' dir='ltr'>hospitia</span> <span class='ocrx_word' id='word_1_106' title='bbox 350 1570 528 1644; x_wconf 88' lang='lat' dir='ltr'>acceperunt</span> <span class='ocrx_word' id='word_1_107' title='bbox 555 1587 590 1627; x_wconf 88' lang='lat' dir='ltr'>ea</span> <span class='ocrx_word' id='word_1_108' title='bbox 617 1569 761 1646; x_wconf 82' lang='lat' dir='ltr'>religione</span> <span class='ocrx_word' id='word_1_109' title='bbox 791 1587 851 1644; x_wconf 89' lang='lat' dir='ltr'>qua</span> <span class='ocrx_word' id='word_1_110' title='bbox 877 1588 937 1628; x_wconf 92' lang='lat' dir='ltr'>non</span> <span class='ocrx_word' id='word_1_111' title='bbox 964 1571 1028 1628; x_wconf 84' lang='lat' dir='ltr'>tam</span> <span class='ocrx_word' id='word_1_112' title='bbox 1050 1569 1210 1645; x_wconf 85' lang='lat' dir='ltr'>peregrini,</span> 
     </span>
     <span class='ocr_line' id='line_1_15' title="bbox 189 1656 1210 1733; baseline 0 -16"><span class='ocrx_word' id='word_1_113' title='bbox 189 1656 242 1717; x_wconf 93' lang='lat' dir='ltr'>sed</span> <span class='ocrx_word' id='word_1_114' title='bbox 272 1676 331 1731; x_wconf 91' lang='lat' dir='ltr'>qua</span> <span class='ocrx_word' id='word_1_115' title='bbox 358 1656 432 1715; x_wconf 90' lang='lat' dir='ltr'>socii</span> <span class='ocrx_word' id='word_1_116' title='bbox 454 1657 550 1733; x_wconf 84' lang='lat' dir='ltr'>excipi</span> <span class='ocrx_word' id='word_1_117' title='bbox 572 1656 746 1716; x_wconf 84' lang='lat' dir='ltr'>debuerunt.</span> <span class='ocrx_word' id='word_1_118' title='bbox 792 1659 858 1717; x_wconf 76' lang='lat' dir='ltr'>illos</span> <span class='ocrx_word' id='word_1_119' title='bbox 875 1660 1039 1732; x_wconf 73' lang='lat' dir='ltr'>porticibus</span> <span class='ocrx_word' id='word_1_120' title='bbox 1061 1675 1113 1717; x_wconf 81' lang='lat' dir='ltr'>rec</span> <span class='ocrx_word' id='word_1_121' title='bbox 1136 1660 1210 1717; x_wconf 81' lang='lat' dir='ltr'>ccci·</span> 
     </span>
     <span class='ocr_line' id='line_1_16' title="bbox 144 1746 1210 1823; baseline -0.002 -16"><span class='ocrx_word' id='word_1_122' title='bbox 144 1766 174 1807; x_wconf 65' lang='grc' dir='ltr'>ιε</span> <span class='ocrx_word' id='word_1_123' title='bbox 185 1747 290 1819; x_wconf 77' lang='lat' dir='ltr'>piabat</span> <span class='ocrx_word' id='word_1_124' title='bbox 310 1748 344 1805; x_wconf 78' lang='lat' dir='ltr'>in</span> <span class='ocrx_word' id='word_1_125' title='bbox 366 1747 489 1819; x_wconf 81' lang='lat' dir='ltr'>amplis:</span> <span class='ocrx_word' id='word_1_126' title='bbox 520 1746 686 1822; x_wconf 86' lang='lat' dir='ltr'>accipiebat</span> <span class='ocrx_word' id='word_1_127' title='bbox 709 1747 786 1805; x_wconf 86' lang='lat' dir='ltr'>dixit</span> <span class='ocrx_word' id='word_1_128' title='bbox 808 1748 958 1823; x_wconf 89' lang='lat' dir='ltr'>pascebat.</span> <span class='ocrx_word' id='word_1_129' title='bbox 1004 1748 1060 1806; x_wconf 88' lang='lat' dir='ltr'>hoc</span> <span class='ocrx_word' id='word_1_130' title='bbox 1085 1746 1210 1806; x_wconf 89' lang='lat' dir='ltr'>verbum</span> 
     </span>
     <span class='ocr_line' id='line_1_17' title="bbox 190 1834 1210 1911; baseline 0.003 -19"><span class='ocrx_word' id='word_1_131' title='bbox 190 1836 319 1910; x_wconf 90' lang='lat' dir='ltr'>denique</span> <span class='ocrx_word' id='word_1_132' title='bbox 347 1838 377 1894; x_wconf 91' lang='lat' dir='ltr'>et</span> <span class='ocrx_word' id='word_1_133' title='bbox 403 1834 477 1894; x_wconf 90' lang='lat' dir='ltr'>haec</span> <span class='ocrx_word' id='word_1_134' title='bbox 504 1836 645 1911; x_wconf 90' lang='lat' dir='ltr'>loquendi</span> <span class='ocrx_word' id='word_1_135' title='bbox 673 1837 857 1896; x_wconf 88' lang='lat' dir='ltr'>consuetudo</span> <span class='ocrx_word' id='word_1_136' title='bbox 881 1836 973 1894; x_wconf 87' lang='lat' dir='ltr'>etiam</span> <span class='ocrx_word' id='word_1_137' title='bbox 995 1838 1128 1895; x_wconf 91' lang='lat' dir='ltr'>nuncin</span> <span class='ocrx_word' id='word_1_138' title='bbox 1153 1855 1210 1895; x_wconf 91' lang='lat' dir='ltr'>usu</span> 
     </span>
     <span class='ocr_line' id='line_1_18' title="bbox 189 1924 1209 2000; baseline 0 -17"><span class='ocrx_word' id='word_1_139' title='bbox 189 1926 246 1998; x_wconf 88' lang='lat' dir='ltr'>est,</span> <span class='ocrx_word' id='word_1_140' title='bbox 265 1942 332 1982; x_wconf 90' lang='lat' dir='ltr'>cum</span> <span class='ocrx_word' id='word_1_141' title='bbox 355 1928 474 2000; x_wconf 91' lang='lat' dir='ltr'>sumpto</span> <span class='ocrx_word' id='word_1_142' title='bbox 498 1924 598 1999; x_wconf 91' lang='lat' dir='ltr'>aliquo</span> <span class='ocrx_word' id='word_1_143' title='bbox 623 1925 777 1985; x_wconf 91' lang='lat' dir='ltr'>commodo</span> <span class='ocrx_word' id='word_1_144' title='bbox 801 1924 925 1984; x_wconf 90' lang='lat' dir='ltr'>dicimus</span> <span class='ocrx_word' id='word_1_145' title='bbox 950 1926 1034 1985; x_wconf 90' lang='lat' dir='ltr'>danti</span> <span class='ocrx_word' id='word_1_146' title='bbox 1057 1925 1131 1984; x_wconf 88' lang='lat' dir='ltr'>bene</span> <span class='ocrx_word' id='word_1_147' title='bbox 1154 1943 1209 1984; x_wconf 91' lang='lat' dir='ltr'>nos</span> 
     </span>
     <span class='ocr_line' id='line_1_19' title="bbox 190 2013 1209 2091; baseline 0 -18"><span class='ocrx_word' id='word_1_148' title='bbox 190 2014 302 2088; x_wconf 84' lang='lat' dir='ltr'>accipis</span> <span class='ocrx_word' id='word_1_149' title='bbox 325 2013 381 2072; x_wconf 94' lang='lat' dir='ltr'>hoc</span> <span class='ocrx_word' id='word_1_150' title='bbox 403 2015 449 2072; x_wconf 91' lang='lat' dir='ltr'>est</span> <span class='ocrx_word' id='word_1_151' title='bbox 471 2013 545 2072; x_wconf 92' lang='lat' dir='ltr'>bene</span> <span class='ocrx_word' id='word_1_152' title='bbox 568 2033 622 2074; x_wconf 94' lang='lat' dir='ltr'>nos</span> <span class='ocrx_word' id='word_1_153' title='bbox 646 2015 738 2088; x_wconf 87' lang='lat' dir='ltr'>foves,</span> <span class='ocrx_word' id='word_1_154' title='bbox 756 2014 831 2073; x_wconf 91' lang='lat' dir='ltr'>bene</span> <span class='ocrx_word' id='word_1_155' title='bbox 854 2033 908 2073; x_wconf 93' lang='lat' dir='ltr'>nos</span> <span class='ocrx_word' id='word_1_156' title='bbox 931 2015 1036 2091; x_wconf 89' lang='lat' dir='ltr'>pascis.</span> <span class='ocrx_word' id='word_1_157' title='bbox 1077 2018 1209 2073; x_wconf 87' lang='lat' dir='ltr'>ceterum</span> 
     </span>
     <span class='ocr_line' id='line_1_20' title="bbox 189 2096 1209 2181; baseline 0.001 -20"><span class='ocrx_word' id='word_1_158' title='bbox 189 2101 217 2161; x_wconf 93' lang='lat' dir='ltr'>si</span> <span class='ocrx_word' id='word_1_159' title='bbox 239 2120 300 2160; x_wconf 92' lang='lat' dir='ltr'>non</span> <span class='ocrx_word' id='word_1_160' title='bbox 322 2102 367 2160; x_wconf 91' lang='lat' dir='ltr'>ita</span> <span class='ocrx_word' id='word_1_161' title='bbox 388 2104 424 2160; x_wconf 93' lang='lat' dir='ltr'>ut</span> <span class='ocrx_word' id='word_1_162' title='bbox 446 2096 578 2177; x_wconf 89' lang='lat' dir='ltr'>positum</span> <span class='ocrx_word' id='word_1_163' title='bbox 601 2104 875 2181; x_wconf 83' lang='lat' dir='ltr'>estintellegatur,</span> <span class='ocrx_word' id='word_1_164' title='bbox 901 2104 959 2162; x_wconf 85' lang='lat' dir='ltr'>erit</span> <span class='ocrx_word' id='word_1_165' title='bbox 982 2105 1103 2175; x_wconf 84' lang='lat' dir='ltr'>vitium,</span> <span class='ocrx_word' id='word_1_166' title='bbox 1127 2105 1154 2163; x_wconf 91' lang='lat' dir='ltr'>si</span> <span class='ocrx_word' id='word_1_167' title='bbox 1177 2103 1209 2162; x_wconf 91' lang='lat' dir='ltr'>in</span> 
     </span>
     <span class='ocr_line' id='line_1_21' title="bbox 142 2190 1207 2269; baseline -0.004 -16"><span class='ocrx_word' id='word_1_168' title='bbox 142 2212 173 2253; x_wconf 79' lang='lat' dir='ltr'>aa</span> <span class='ocrx_word' id='word_1_169' title='bbox 189 2190 298 2267; x_wconf 87' lang='lat' dir='ltr'>amplis</span> <span class='ocrx_word' id='word_1_170' title='bbox 325 2191 503 2268; x_wconf 88' lang='lat' dir='ltr'>porticibus,</span> <span class='ocrx_word' id='word_1_171' title='bbox 530 2212 591 2252; x_wconf 93' lang='lat' dir='ltr'>non</span> <span class='ocrx_word' id='word_1_172' title='bbox 617 2194 650 2251; x_wconf 89' lang='lat' dir='ltr'>iu</span> <span class='ocrx_word' id='word_1_173' title='bbox 678 2192 794 2269; x_wconf 92' lang='lat' dir='ltr'>amplas</span> <span class='ocrx_word' id='word_1_174' title='bbox 819 2194 951 2268; x_wconf 86' lang='lat' dir='ltr'>porticus</span> <span class='ocrx_word' id='word_1_175' title='bbox 976 2192 1207 2269; x_wconf 87' lang='lat' dir='ltr'>accipiebantur.</span> 
     </span>
     <span class='ocr_line' id='line_1_22' title="bbox 256 2281 1261 2359; baseline -0.003 -21"><span class='ocrx_word' id='word_1_176' title='bbox 256 2281 382 2353; x_wconf 79' lang='lat' dir='ltr'>Iamque</span> <span class='ocrx_word' id='word_1_177' title='bbox 408 2282 470 2339; x_wconf 79' lang='lat' dir='ltr'>dies</span> <span class='ocrx_word' id='word_1_178' title='bbox 495 2282 623 2354; x_wconf 77' lang='lat' dir='ltr'>alterque</span> <span class='ocrx_word' id='word_1_179' title='bbox 650 2282 712 2340; x_wconf 80' lang='lat' dir='ltr'>dics</span> <span class='ocrx_word' id='word_1_180' title='bbox 734 2285 890 2355; x_wconf 79' lang='lat' dir='ltr'>processit:</span> <span class='ocrx_word' id='word_1_181' title='bbox 927 2285 1122 2359; x_wconf 84' lang='lat' dir='ltr'>augmentum</span> <span class='ocrx_word' id='word_1_182' title='bbox 1149 2281 1261 2341; x_wconf 79' lang='lat' dir='ltr'>be-856</span> 
     </span>
     <span class='ocr_line' id='line_1_23' title="bbox 187 2369 1208 2448; baseline 0.002 -21"><span class='ocrx_word' id='word_1_183' title='bbox 187 2369 349 2447; x_wconf 72' lang='lat' dir='ltr'>dignitatis</span> <span class='ocrx_word' id='word_1_184' title='bbox 376 2370 556 2444; x_wconf 86' lang='lat' dir='ltr'>ostenditur,</span> <span class='ocrx_word' id='word_1_185' title='bbox 585 2388 652 2428; x_wconf 91' lang='lat' dir='ltr'>cum</span> <span class='ocrx_word' id='word_1_186' title='bbox 680 2372 737 2429; x_wconf 91' lang='lat' dir='ltr'>hoc</span> <span class='ocrx_word' id='word_1_187' title='bbox 759 2390 819 2429; x_wconf 92' lang='lat' dir='ltr'>non</span> <span class='ocrx_word' id='word_1_188' title='bbox 841 2374 961 2431; x_wconf 90' lang='lat' dir='ltr'>tautum</span> <span class='ocrx_word' id='word_1_189' title='bbox 984 2390 1044 2429; x_wconf 90' lang='lat' dir='ltr'>una</span> <span class='ocrx_word' id='word_1_190' title='bbox 1068 2370 1129 2448; x_wconf 85' lang='lat' dir='ltr'>die,</span> <span class='ocrx_word' id='word_1_191' title='bbox 1157 2371 1208 2431; x_wconf 89' lang='lat' dir='ltr'>sed</span> 
     </span>
     <span class='ocr_line' id='line_1_24' title="bbox 188 2458 1208 2535; baseline 0.001 -18"><span class='ocrx_word' id='word_1_192' title='bbox 188 2461 220 2517; x_wconf 91' lang='lat' dir='ltr'>et</span> <span class='ocrx_word' id='word_1_193' title='bbox 242 2458 340 2517; x_wconf 90' lang='lat' dir='ltr'>altera</span> <span class='ocrx_word' id='word_1_194' title='bbox 363 2458 558 2518; x_wconf 83' lang='lat' dir='ltr'>exhibebatur</span> <span class='ocrx_word' id='word_1_195' title='bbox 575 2459 748 2535; x_wconf 91' lang='lat' dir='ltr'>hospitium.</span> <span class='ocrx_word' id='word_1_196' title='bbox 787 2464 813 2518; x_wconf 81' lang='lat' dir='ltr'>ct</span> <span class='ocrx_word' id='word_1_197' title='bbox 835 2478 929 2519; x_wconf 84' lang='lat' dir='ltr'>acrae</span> <span class='ocrx_word' id='word_1_198' title='bbox 951 2462 1016 2519; x_wconf 85' lang='lat' dir='ltr'>cela</span> <span class='ocrx_word' id='word_1_199' title='bbox 1038 2465 1142 2520; x_wconf 74' lang='lat' dir='ltr'>cocant</span> <span class='ocrx_word' id='word_1_200' title='bbox 1164 2464 1208 2518; x_wconf 81' lang='lat' dir='ltr'>tu·</span> 
     </span>
     <span class='ocr_line' id='line_1_25' title="bbox 187 2548 1208 2627; baseline 0.003 -21"><span class='ocrx_word' id='word_1_201' title='bbox 187 2548 324 2620; x_wconf 63' lang='lat' dir='ltr'>nudoque</span> <span class='ocrx_word' id='word_1_202' title='bbox 345 2550 470 2619; x_wconf 77' lang='lat' dir='ltr'>inflatur</span> <span class='ocrx_word' id='word_1_203' title='bbox 492 2550 633 2607; x_wconf 83' lang='lat' dir='ltr'>carbasus</span> <span class='ocrx_word' id='word_1_204' title='bbox 652 2553 767 2607; x_wconf 76' lang='lat' dir='ltr'>castro:</span> <span class='ocrx_word' id='word_1_205' title='bbox 789 2548 863 2607; x_wconf 87' lang='lat' dir='ltr'>bene</span> <span class='ocrx_word' id='word_1_206' title='bbox 883 2549 1096 2627; x_wconf 82' lang='lat' dir='ltr'>suffragantem</span> <span class='ocrx_word' id='word_1_207' title='bbox 1115 2551 1208 2609; x_wconf 88' lang='lat' dir='ltr'>etiam</span> 
     </span>
     <span class='ocr_line' id='line_1_26' title="bbox 140 2636 1207 2716; baseline -0.002 -18"><span class='ocrx_word' id='word_1_208' title='bbox 140 2656 173 2698; x_wconf 77' lang='lat' dir='ltr'>ss</span> <span class='ocrx_word' id='word_1_209' title='bbox 187 2639 313 2696; x_wconf 86' lang='lat' dir='ltr'>ventum</span> <span class='ocrx_word' id='word_1_210' title='bbox 335 2636 425 2712; x_wconf 71' lang='lat' dir='ltr'>dixit,</span> <span class='ocrx_word' id='word_1_211' title='bbox 454 2638 617 2697; x_wconf 90' lang='lat' dir='ltr'>nonenim</span> <span class='ocrx_word' id='word_1_212' title='bbox 641 2638 705 2697; x_wconf 93' lang='lat' dir='ltr'>sola</span> <span class='ocrx_word' id='word_1_213' title='bbox 729 2656 802 2696; x_wconf 91' lang='lat' dir='ltr'>aura</span> <span class='ocrx_word' id='word_1_214' title='bbox 825 2637 1012 2716; x_wconf 84' lang='lat' dir='ltr'>navigaturis</span> <span class='ocrx_word' id='word_1_215' title='bbox 1036 2639 1135 2697; x_wconf 88' lang='lat' dir='ltr'>fuerat</span> <span class='ocrx_word' id='word_1_216' title='bbox 1156 2658 1207 2697; x_wconf 88' lang='lat' dir='ltr'>ne·</span> 
     </span>
     <span class='ocr_line' id='line_1_27' title="bbox 187 2725 1207 2801; baseline 0.001 -16"><span class='ocrx_word' id='word_1_217' title='bbox 187 2725 324 2785; x_wconf 87' lang='lat' dir='ltr'>cessaria</span> <span class='ocrx_word' id='word_1_218' title='bbox 369 2727 416 2785; x_wconf 78' lang='lat' dir='ltr'>bis</span> <span class='ocrx_word' id='word_1_219' title='bbox 437 2732 533 2786; x_wconf 74' lang='lat' dir='ltr'>eatan</span> <span class='ocrx_word' id='word_1_220' title='bbox 555 2726 713 2801; x_wconf 61' lang='lat' dir='ltr'>adgredior</span> <span class='ocrx_word' id='word_1_221' title='bbox 735 2728 820 2787; x_wconf 77' lang='lat' dir='ltr'>dictis</span> <span class='ocrx_word' id='word_1_222' title='bbox 843 2730 975 2787; x_wconf 80' lang='lat' dir='ltr'>actalia</span> <span class='ocrx_word' id='word_1_223' title='bbox 1002 2745 1123 2801; x_wconf 68' lang='lat' dir='ltr'>quomo:</span> <span class='ocrx_word' id='word_1_224' title='bbox 1155 2728 1207 2786; x_wconf 92' lang='lat' dir='ltr'>ad-</span> 
     </span>
     <span class='ocr_line' id='line_1_28' title="bbox 187 2814 1206 2893; baseline 0.002 -20"><span class='ocrx_word' id='word_1_225' title='bbox 187 2814 310 2892; x_wconf 84' lang='lat' dir='ltr'>gredior</span> <span class='ocrx_word' id='word_1_226' title='bbox 332 2817 419 2890; x_wconf 89' lang='lat' dir='ltr'>quasi</span> <span class='ocrx_word' id='word_1_227' title='bbox 442 2817 601 2893; x_wconf 90' lang='lat' dir='ltr'>superbum</span> <span class='ocrx_word' id='word_1_228' title='bbox 624 2820 678 2891; x_wconf 87' lang='lat' dir='ltr'>est,</span> <span class='ocrx_word' id='word_1_229' title='bbox 703 2835 812 2893; x_wconf 91' lang='lat' dir='ltr'>quaeso</span> <span class='ocrx_word' id='word_1_230' title='bbox 837 2819 937 2876; x_wconf 90' lang='lat' dir='ltr'>autem</span> <span class='ocrx_word' id='word_1_231' title='bbox 960 2816 1086 2875; x_wconf 89' lang='lat' dir='ltr'>humile:</span> <span class='ocrx_word' id='word_1_232' title='bbox 1112 2835 1206 2875; x_wconf 92' lang='lat' dir='ltr'>unum</span> 
     </span>
     <span class='ocr_line' id='line_1_29' title="bbox 186 2902 1206 2980; baseline 0.002 -18"><span class='ocrx_word' id='word_1_233' title='bbox 186 2904 248 2962; x_wconf 88' lang='lat' dir='ltr'>fuit</span> <span class='ocrx_word' id='word_1_234' title='bbox 281 2902 362 2979; x_wconf 89' lang='lat' dir='ltr'>quod</span> <span class='ocrx_word' id='word_1_235' title='bbox 392 2906 509 2964; x_wconf 84' lang='lat' dir='ltr'>veniret</span> <span class='ocrx_word' id='word_1_236' title='bbox 541 2925 576 2963; x_wconf 91' lang='lat' dir='ltr'>ex</span> <span class='ocrx_word' id='word_1_237' title='bbox 608 2905 717 2964; x_wconf 89' lang='lat' dir='ltr'>fiducia</span> <span class='ocrx_word' id='word_1_238' title='bbox 750 2906 823 2965; x_wconf 87' lang='lat' dir='ltr'>aivis</span> <span class='ocrx_word' id='word_1_239' title='bbox 856 2910 887 2965; x_wconf 87' lang='lat' dir='ltr'>et</span> <span class='ocrx_word' id='word_1_240' title='bbox 919 2905 1040 2980; x_wconf 88' lang='lat' dir='ltr'>adfinis,</span> <span class='ocrx_word' id='word_1_241' title='bbox 1077 2905 1206 2964; x_wconf 90' lang='lat' dir='ltr'>alterum</span> 
     </span>
     <span class='ocr_line' id='line_1_30' title="bbox 186 2992 1207 3070; baseline 0.003 -20"><span class='ocrx_word' id='word_1_242' title='bbox 186 2992 444 3068; x_wconf 75' lang='lat' dir='ltr'>honohificentiac,</span> <span class='ocrx_word' id='word_1_243' title='bbox 486 3014 579 3070; x_wconf 92' lang='lat' dir='ltr'>quam</span> <span class='ocrx_word' id='word_1_244' title='bbox 617 2996 740 3054; x_wconf 89' lang='lat' dir='ltr'>deorum</span> <span class='ocrx_word' id='word_1_245' title='bbox 777 2997 911 3053; x_wconf 92' lang='lat' dir='ltr'>omnium</span> <span class='ocrx_word' id='word_1_246' title='bbox 947 2995 1044 3055; x_wconf 89' lang='lat' dir='ltr'>cultor</span> <span class='ocrx_word' id='word_1_247' title='bbox 1080 2994 1207 3053; x_wconf 90' lang='lat' dir='ltr'>debebat</span> 
     </span>
     <span class='ocr_line' id='line_1_31' title="bbox 139 3082 1205 3158; baseline 0 -15"><span class='ocrx_word' id='word_1_248' title='bbox 139 3100 173 3143; x_wconf 83' lang='lat' dir='ltr'>aa</span> <span class='ocrx_word' id='word_1_249' title='bbox 187 3082 344 3141; x_wconf 86' lang='lat' dir='ltr'>sacerdoti.</span> <span class='ocrx_word' id='word_1_250' title='bbox 383 3082 558 3157; x_wconf 74' lang='lat' dir='ltr'>Troicyccc,</span> <span class='ocrx_word' id='word_1_251' title='bbox 581 3086 722 3156; x_wconf 77' lang='lat' dir='ltr'>interpres</span> <span class='ocrx_word' id='word_1_252' title='bbox 746 3083 855 3153; x_wconf 77' lang='lat' dir='ltr'>dicum,</span> <span class='ocrx_word' id='word_1_253' title='bbox 874 3087 925 3158; x_wconf 78' lang='lat' dir='ltr'>qut</span> <span class='ocrx_word' id='word_1_254' title='bbox 945 3086 1072 3143; x_wconf 80' lang='lat' dir='ltr'>cumino</span> <span class='ocrx_word' id='word_1_255' title='bbox 1089 3084 1205 3154; x_wconf 81' lang='lat' dir='ltr'>Phoebi,</span> 
     </span>
     <span class='ocr_line' id='line_1_32' title="bbox 187 3171 1261 3249; baseline 0.001 -19"><span class='ocrx_word' id='word_1_256' title='bbox 187 3173 238 3245; x_wconf 77' lang='lat' dir='ltr'>qui</span> <span class='ocrx_word' id='word_1_257' title='bbox 261 3172 394 3245; x_wconf 69' lang='lat' dir='ltr'>tripodas</span> <span class='ocrx_word' id='word_1_258' title='bbox 419 3171 522 3240; x_wconf 70' lang='lat' dir='ltr'>Clarii,</span> <span class='ocrx_word' id='word_1_259' title='bbox 550 3172 607 3231; x_wconf 91' lang='lat' dir='ltr'>hoc</span> <span class='ocrx_word' id='word_1_260' title='bbox 630 3176 675 3231; x_wconf 88' lang='lat' dir='ltr'>est</span> <span class='ocrx_word' id='word_1_261' title='bbox 697 3172 862 3249; x_wconf 87' lang='lat' dir='ltr'>Apollinis,</span> <span class='ocrx_word' id='word_1_262' title='bbox 888 3173 1001 3241; x_wconf 79' lang='lat' dir='ltr'>locrus,</span> <span class='ocrx_word' id='word_1_263' title='bbox 1025 3175 1075 3246; x_wconf 77' lang='lat' dir='ltr'>qai</span> <span class='ocrx_word' id='word_1_264' title='bbox 1098 3174 1261 3231; x_wconf 64' lang='lat' dir='ltr'>sidercum</span> 
     </span>
     <span class='ocr_line' id='line_1_33' title="bbox 186 3262 1206 3337; baseline 0.002 -18"><span class='ocrx_word' id='word_1_265' title='bbox 186 3262 293 3330; x_wconf 68' lang='lat' dir='ltr'>sentit,</span> <span class='ocrx_word' id='word_1_266' title='bbox 320 3262 376 3320; x_wconf 93' lang='lat' dir='ltr'>hoc</span> <span class='ocrx_word' id='word_1_267' title='bbox 404 3264 450 3319; x_wconf 91' lang='lat' dir='ltr'>est</span> <span class='ocrx_word' id='word_1_268' title='bbox 477 3264 530 3337; x_wconf 92' lang='lat' dir='ltr'>qui</span> <span class='ocrx_word' id='word_1_269' title='bbox 557 3262 659 3321; x_wconf 86' lang='lat' dir='ltr'>lauros</span> <span class='ocrx_word' id='word_1_270' title='bbox 687 3265 718 3320; x_wconf 91' lang='lat' dir='ltr'>et</span> <span class='ocrx_word' id='word_1_271' title='bbox 745 3262 843 3321; x_wconf 87' lang='lat' dir='ltr'>sidera</span> <span class='ocrx_word' id='word_1_272' title='bbox 870 3264 974 3336; x_wconf 88' lang='lat' dir='ltr'>sentis,</span> <span class='ocrx_word' id='word_1_273' title='bbox 1003 3267 1029 3320; x_wconf 81' lang='lat' dir='ltr'>et</span> <span class='ocrx_word' id='word_1_274' title='bbox 1054 3264 1206 3321; x_wconf 79' lang='lat' dir='ltr'>volucrum</span> 
     </span>
    </p>
   </div>
   <div class='ocr_carea' id='block_1_3' title="bbox 184 3430 1228 3784">
    <p class='ocr_par' dir='ltr' id='par_1_3' title="bbox 186 3430 1206 3572">
     <span class='ocr_line' id='line_1_34' title="bbox 260 3430 1206 3501; baseline 0.001 -18"><span class='ocrx_word' id='word_1_275' title='bbox 260 3435 276 3482; x_wconf 86' lang='grc'>3</span> <span class='ocrx_word' id='word_1_276' title='bbox 296 3432 431 3496; x_wconf 68' lang='lat' dir='ltr'>asseruerit</span> <span class='ocrx_word' id='word_1_277' title='bbox 449 3430 501 3483; x_wconf 88' lang='lat' dir='ltr'>LR</span> <span class='ocrx_word' id='word_1_278' title='bbox 520 3448 589 3485; x_wconf 89' lang='lat' dir='ltr'>corr.</span> <span class='ocrx_word' id='word_1_279' title='bbox 608 3450 623 3484; x_wconf 91' lang='lat' dir='ltr'>r</span> <span class='ocrx_word' id='word_1_280' title='bbox 641 3431 684 3486; x_wconf 85' lang='lat' dir='ltr'>cd.</span> <span class='ocrx_word' id='word_1_281' title='bbox 755 3437 770 3485; x_wconf 79' lang='lat'><strong>7</strong></span> <span class='ocrx_word' id='word_1_282' title='bbox 790 3450 875 3501; x_wconf 71' lang='lat' dir='ltr'>reaque</span> <span class='ocrx_word' id='word_1_283' title='bbox 892 3433 994 3487; x_wconf 79' lang='lat' dir='ltr'>volvere</span> <span class='ocrx_word' id='word_1_284' title='bbox 1013 3432 1056 3486; x_wconf 89' lang='lat' dir='ltr'>ed.</span> <span class='ocrx_word' id='word_1_285' title='bbox 1076 3434 1118 3501; x_wconf 86' lang='lat' dir='ltr'>(at</span> <span class='ocrx_word' id='word_1_286' title='bbox 1136 3431 1165 3485; x_wconf 91' lang='lat' dir='ltr'>in</span> <span class='ocrx_word' id='word_1_287' title='bbox 1180 3432 1206 3485; x_wconf 91' lang='lat' dir='ltr'><strong>V</strong></span> 
     </span>
     <span class='ocr_line' id='line_1_35' title="bbox 186 3499 1204 3572; baseline 0.005 -20"><span class='ocrx_word' id='word_1_288' title='bbox 186 3502 220 3553; x_wconf 92' lang='lat' dir='ltr'>ut</span> <span class='ocrx_word' id='word_1_289' title='bbox 238 3499 323 3569; x_wconf 76' lang='lat' dir='ltr'>LRi).</span> <span class='ocrx_word' id='word_1_290' title='bbox 416 3507 449 3555; x_wconf 85' lang='grc'>13</span> <span class='ocrx_word' id='word_1_291' title='bbox 473 3520 528 3571; x_wconf 80' lang='lat' dir='ltr'>qua</span> <span class='ocrx_word' id='word_1_292' title='bbox 546 3519 603 3556; x_wconf 79' lang='lat' dir='ltr'>coc</span> <span class='ocrx_word' id='word_1_293' title='bbox 621 3509 678 3556; x_wconf 86' lang='lat' dir='ltr'>tam</span> <span class='ocrx_word' id='word_1_294' title='bbox 696 3503 748 3555; x_wconf 84' lang='lat' dir='ltr'>LR</span> <span class='ocrx_word' id='word_1_295' title='bbox 770 3521 826 3572; x_wconf 76' lang='lat' dir='ltr'>pcc</span> <span class='ocrx_word' id='word_1_296' title='bbox 844 3520 901 3558; x_wconf 80' lang='lat' dir='ltr'>noc</span> <span class='ocrx_word' id='word_1_297' title='bbox 919 3502 968 3557; x_wconf 90' lang='lat' dir='ltr'>edI</span> <span class='ocrx_word' id='word_1_298' title='bbox 989 3521 1046 3558; x_wconf 76' lang='lat' dir='ltr'>con</span> <span class='ocrx_word' id='word_1_299' title='bbox 1064 3521 1119 3572; x_wconf 75' lang='lat' dir='ltr'>pcc</span> <span class='ocrx_word' id='word_1_300' title='bbox 1138 3503 1204 3557; x_wconf 78' lang='lat' dir='ltr'>eds.</span> 
     </span>
    </p>

    <p class='ocr_par' dir='ltr' id='par_1_4' title="bbox 184 3571 1228 3784">
     <span class='ocr_line' id='line_1_36' title="bbox 242 3571 1205 3643; baseline 0.004 -19"><span class='ocrx_word' id='word_1_301' title='bbox 242 3577 276 3625; x_wconf 80' lang='lat'>15</span> <span class='ocrx_word' id='word_1_302' title='bbox 295 3571 370 3625; x_wconf 79' lang='lat' dir='ltr'>dixit</span> <span class='ocrx_word' id='word_1_303' title='bbox 387 3572 439 3627; x_wconf 85' lang='lat' dir='ltr'>LR</span> <span class='ocrx_word' id='word_1_304' title='bbox 458 3576 483 3627; x_wconf 83' lang='lat' dir='ltr'>d.</span> <span class='ocrx_word' id='word_1_305' title='bbox 499 3575 530 3626; x_wconf 75' lang='lat' dir='ltr'>cl</span> <span class='ocrx_word' id='word_1_306' title='bbox 546 3580 584 3627; x_wconf 84' lang='lat' dir='ltr'>est</span> <span class='ocrx_word' id='word_1_307' title='bbox 602 3574 645 3627; x_wconf 88' lang='lat' dir='ltr'>ed.</span> <span class='ocrx_word' id='word_1_308' title='bbox 720 3581 753 3627; x_wconf 83' lang='lat'>19</span> <span class='ocrx_word' id='word_1_309' title='bbox 772 3581 804 3628; x_wconf 80' lang='lat' dir='ltr'>ut</span> <span class='ocrx_word' id='word_1_310' title='bbox 821 3575 847 3628; x_wconf 78' lang='lat' dir='ltr'>si</span> <span class='ocrx_word' id='word_1_311' title='bbox 859 3576 982 3643; x_wconf 79' lang='lat' dir='ltr'>positum</span> <span class='ocrx_word' id='word_1_312' title='bbox 1000 3575 1052 3627; x_wconf 85' lang='lat' dir='ltr'>LR</span> <span class='ocrx_word' id='word_1_313' title='bbox 1071 3591 1140 3629; x_wconf 88' lang='lat' dir='ltr'>corr.</span> <span class='ocrx_word' id='word_1_314' title='bbox 1156 3575 1205 3628; x_wconf 90' lang='lat' dir='ltr'>ob-</span> 
     </span>
     <span class='ocr_line' id='line_1_37' title="bbox 186 3642 1228 3703; baseline -0.002 -7"><span class='ocrx_word' id='word_1_315' title='bbox 186 3658 268 3698; x_wconf 88' lang='lat' dir='ltr'>scure</span> <span class='ocrx_word' id='word_1_316' title='bbox 286 3642 436 3698; x_wconf 87' lang='lat' dir='ltr'>LHman.</span> <span class='ocrx_word' id='word_1_317' title='bbox 455 3646 481 3698; x_wconf 83' lang='lat' dir='ltr'>si</span> <span class='ocrx_word' id='word_1_318' title='bbox 499 3645 552 3698; x_wconf 90' lang='lat' dir='ltr'>del.</span> <span class='ocrx_word' id='word_1_319' title='bbox 571 3663 592 3697; x_wconf 87' lang='lat' dir='ltr'>r.</span> <span class='ocrx_word' id='word_1_320' title='bbox 654 3646 802 3703; x_wconf 60' lang='lat' dir='ltr'>ludebant</span> <span class='ocrx_word' id='word_1_321' title='bbox 822 3645 867 3701; x_wconf 89' lang='lat' dir='ltr'>ed.</span> <span class='ocrx_word' id='word_1_322' title='bbox 925 3652 962 3702; x_wconf 71' lang='lat' dir='ltr'>ti</span> <span class='ocrx_word' id='word_1_323' title='bbox 982 3647 1099 3703; x_wconf 67' lang='lat' dir='ltr'>elcath</span> <span class='ocrx_word' id='word_1_324' title='bbox 1117 3645 1228 3699; x_wconf 52' lang='lat' dir='ltr'>euoch</span> 
     </span>
     <span class='ocr_line' id='line_1_38' title="bbox 184 3714 758 3784; baseline 0.016 -16"><span class='ocrx_word' id='word_1_325' title='bbox 184 3714 270 3768; x_wconf 67' lang='lat' dir='ltr'>clarii</span> <span class='ocrx_word' id='word_1_326' title='bbox 281 3732 302 3765; x_wconf 80' lang='lat' dir='ltr'>r.</span> <span class='ocrx_word' id='word_1_327' title='bbox 321 3718 334 3780; x_wconf 68' lang='lat' dir='ltr'><em>s</em></span> <span class='ocrx_word' id='word_1_328' title='bbox 352 3716 452 3768; x_wconf 69' lang='lat' dir='ltr'>lauras</span> <span class='ocrx_word' id='word_1_329' title='bbox 466 3716 532 3784; x_wconf 71' lang='lat' dir='ltr'>Lu,</span> <span class='ocrx_word' id='word_1_330' title='bbox 552 3716 631 3773; x_wconf 83' lang='lat' dir='ltr'>infra</span> <span class='ocrx_word' id='word_1_331' title='bbox 649 3720 758 3779; x_wconf 72' lang='lat' dir='ltr'>lauros</span> 
     </span>
    </p>
   </div>
   <div class='ocr_carea' id='block_1_4' title="bbox 0 0 1372 4159">
    <p class='ocr_par' dir='ltr' id='par_1_5' title="bbox 0 0 1372 4159">
     <span class='ocr_line' id='line_1_39' title="bbox 0 0 1372 4159; baseline 0 2"><span class='ocrx_word' id='word_1_332' title='bbox 0 0 1372 4159; x_wconf 95' lang='lat' dir='ltr'> </span> 
     </span>
    </p>
   </div>
  </div>
 </body>
</html>
