2734 4159
564 324 748 382 animnos
766 325 805 381 IV
1129 326 1196 392 363

177 493 354 553 contrarios.
387 493 460 553 haee
478 494 616 554 Troianis
634 494 827 571 proponenda
847 514 906 554 non
924 497 957 553 in
975 514 1094 555 cassum
1107 495 1196 556 Anna

177 582 356 657 mandabat;
375 582 488 643 sciebat
501 585 581 643 enim
596 585 686 643 facile
704 584 750 643 bis
769 586 882 644 moveri
900 603 987 660 posse
1005 584 1196 644 formidinem

177 691 306 747 quorum
337 673 424 730 tanta
455 673 535 731 mala
563 673 666 733 Aenea
697 674 843 733 referente
875 676 1056 752 cognoverat
1085 678 1115 734 et
1142 676 1196 751 qui

177 763 311 819 recentes
334 779 353 819 a
375 760 534 840 naufragio
557 762 683 822 fuissent
706 763 825 822 facilius
848 766 1022 823 cessaturos.

150 868 164 908 s
243 850 305 908 His
327 850 411 909 dicb's
432 852 583 910 incensam
605 854 740 911 ananum
761 853 958 924 inflammavit
980 869 1078 911 omae
1100 868 1194 928 spem-
1213 857 1248 907 oo

176 956 231 1011 que
259 938 339 997 dedit
365 939 472 999 dubiae
493 943 582 999 nenti
602 942 743 1014 solvitque
759 941 920 1014 podorem:
950 943 1081 1000 retinens
1104 942 1195 1015 poeta

176 1028 249 1101 quia
272 1046 332 1086 non
354 1028 466 1087 invitae
490 1029 543 1088 sed
565 1030 679 1089 volenti
702 1028 884 1089 suadebatur
907 1032 937 1088 et
959 1028 1039 1104 quod
1057 1030 1193 1104 superius

175 1113 301 1176 dixisset
326 1116 476 1176 Didonem
503 1136 590 1177 caeco
618 1120 682 1196 igni
710 1121 793 1193 carpi
820 1119 870 1177 hic
898 1119 998 1193 posuit
1024 1118 1072 1176 his
1104 1118 1193 1177 dictis

174 1206 329 1264 incensum
352 1207 484 1265 animum
507 1207 707 1267 inflammavit
729 1226 838 1282 amore,
869 1210 903 1265 ut
926 1207 1013 1265 dictis
1036 1211 1193 1283 tamquam

137 1297 333 1353 inventorum
370 1294 541 1354 adiumento
579 1296 659 1372 quod
695 1297 819 1357 ardebat
854 1297 964 1356 fortius
1003 1295 1191 1370 validiusque

173 1382 350 1442 flammaret
396 1403 497 1443 amore
524 1385 569 1444 bis
598 1386 817 1461 accipiendum,
844 1389 881 1444 ut
903 1385 943 1444 sit
965 1385 1011 1445 his
1035 1384 1122 1443 dictis
1145 1386 1192 1444 in-

173 1489 296 1531 censum
318 1474 453 1531 animum
475 1492 575 1533 amore
598 1475 797 1534 inflammavit
820 1493 933 1547 amore,
962 1474 1019 1533 hoo
1042 1476 1087 1533 est
1110 1492 1191 1533 amo·

172 1579 237 1618 rem
260 1561 390 1636 primum
411 1564 521 1621 amoris
540 1567 701 1640 augmento
721 1565 892 1639 cumulavit,
912 1563 983 1621 data
1002 1581 1119 1638 quoque
1138 1581 1190 1638 spe

172 1649 322 1710 commodi
345 1670 380 1709 ex
402 1652 449 1711 his
473 1671 549 1727 quae
571 1653 729 1728 profutura
752 1652 870 1712 dicebat
893 1653 1024 1711 obtinuit
1049 1653 1081 1711 et
1109 1653 1190 1727 quio-

137 1756 158 1797 ιε
172 1738 246 1815 quid
270 1739 466 1799 dubitationis
486 1760 549 1800 esse
567 1745 708 1816 potuerat
730 1743 850 1818 penitus
868 1742 1004 1816 removit,
1022 1742 1076 1799 illo
1095 1759 1189 1816 usque

172 1828 265 1887 donec
293 1829 473 1888 verecundia
500 1833 596 1889 omnis
625 1834 655 1890 et
680 1830 778 1907 pudor
805 1830 995 1905 persuasione
1023 1831 1189 1889 cessissent.

172 1916 353 1980 Terentiana
381 1920 529 1978 sententia
556 1920 625 1978 huie
651 1920 717 1979 loco
746 1922 897 1994 convenit,
925 1938 985 1994 qua
1007 1919 1119 1977 dictum
1144 1922 1189 1978 est

172 1998 280 2085 (Andr.
293 2010 321 2080 1,
332 2008 361 2080 5,
372 2000 429 2089 31)
449 2008 537 2082 „dum
556 2011 588 2066 in
607 2001 699 2068 dubio
718 2010 765 2068 est
782 2009 908 2082 animus,
925 2010 1017 2084 paulo
1037 2011 1188 2068 momento

170 2094 229 2153 huc
256 2096 305 2154 vel
332 2096 404 2155 illuc
430 2096 617 2172 inpellitur“;
654 2099 742 2156 facile
770 2099 849 2157 enim
878 2117 936 2172 quo
965 2098 1032 2174 quis
1060 2096 1188 2157 voluerit

137 2200 157 2240 ro
170 2186 305 2242 animum
323 2185 489 2246 dubitantis
508 2186 639 2261 adducit,
653 2189 795 2262 quoniam
813 2188 892 2245 inest
909 2188 971 2245 iam
991 2205 1061 2262 pars
1079 2190 1187 2262 parata

171 2274 345 2333 voluntatis.
386 2276 536 2348 praecepio
563 2276 686 2335 ddabra
713 2277 822 2335 odamt
843 2293 1003 2349 pacemque
1029 2293 1087 2349 per
1115 2293 1187 2335 oras

171 2364 340 2436 eaqeoirwat:
362 2362 439 2422 fiunt
457 2382 522 2422 ecce
542 2383 618 2439 quae
637 2384 721 2424 soror
734 2367 829 2424 sorori
843 2365 960 2424 dixerat
973 2383 1036 2423 esse
1050 2364 1186 2424 facienda

172 2453 200 2509 et
220 2452 351 2526 primum
371 2455 489 2511 etanta
508 2454 610 2512 omnia
628 2452 708 2529 quod
727 2453 839 2513 dietum
858 2457 903 2513 est
921 2457 974 2530 „tu
991 2452 1079 2512 modo
1098 2471 1186 2529 posce

171 2539 240 2599 deos
263 2538 401 2599 veniam“
424 2560 575 2601 sacrorum
597 2543 769 2617 praemissis
793 2541 951 2617 obsequiis.
986 2560 1052 2601 ecoe
1076 2542 1186 2600 adeunt

138 2627 231 2687 aiam
253 2630 368 2704 templa
390 2634 421 2688 et
443 2630 566 2690 deorum
588 2632 723 2690 favorem
746 2650 897 2690 sacrorum
921 2631 979 2691 sibi
1004 2631 1185 2690 exhibitione

171 2718 339 2777 conciliant.
378 2724 507 2779 madunt
524 2721 612 2779 lectos
630 2721 666 2779 de
683 2738 762 2779 more
785 2722 910 2779 bidentis
928 2721 1066 2795 leqiferoe
1086 2719 1186 2779 Cereri

170 2806 336 2879 Phoeboque
352 2810 492 2881 patrique
514 2809 629 2883 Iqoeo,
652 2810 765 2869 Iuaoaa'
788 2813 855 2869 onte
877 2812 985 2879 omnis,
1013 2810 1060 2867 eoi
1086 2809 1185 2869 oioelo

169 2896 282 2970 iuqale'a
299 2914 403 2955 carae:
424 2900 589 2957 mactantes
612 2898 797 2958 sollemniter
819 2918 855 2958 ea
878 2898 1053 2957 animalium
1076 2916 1184 2976 genera

170 3002 244 3059 quae
272 2984 331 3043 diis
360 2986 397 3045 ad
425 3005 545 3045 causam
573 2989 746 3047 necessariis
778 2989 971 3047 convenirent
997 2991 1027 3046 et
1054 2988 1184 3062 primum

137 3072 270 3133 adorari
291 3074 441 3152 legiferae,
460 3080 619 3151 propterea
642 3077 722 3152 quod
745 3077 925 3153 populorum
948 3094 1106 3135 consensus
1125 3076 1183 3135 nisi

168 3160 284 3241 legibus
302 3165 398 3222 teneri
416 3183 475 3223 non
493 3166 597 3240 possit,
616 3165 744 3240 Phoebo,
762 3168 797 3223 ut
814 3166 846 3223 in
865 3166 975 3223 futmis
994 3166 1183 3240 prosperiora

167 3251 322 3325 perficeret
341 3272 417 3328 qnae
436 3254 626 3327 optabantur‚
640 3254 748 3312 Libero
768 3256 857 3330 patri,
876 3257 911 3312 ut
933 3258 1099 3329 praestaret
1121 3254 1182 3313 lae-

166 3341 267 3400 titiam
290 3344 509 3417 sempiternam,
527 3343 636 3402 Iunoni
658 3343 706 3402 vel
726 3345 862 3416 maxime,
881 3363 957 3418 quae
976 3343 1183 3419 coniugiorum

237 3570 253 3615 2
271 3564 448 3629 foroaldiaem
467 3565 740 3620 inanimatorum
757 3567 779 3632 f.
799 3566 864 3619 edl'.
934 3574 949 3616 3
969 3566 1048 3619 milia
1067 3564 1119 3619 LR
1137 3566 1180 3619 ed.

165 3635 241 3689 mala
257 3633 283 3688 τ’
298 3650 359 3691 nos.
425 3642 440 3689 9
460 3643 607 3704 antequam
624 3637 677 3690 LR
696 3637 739 3691 ed.
758 3644 900 3708 tamquam
916 3654 981 3692 nos.
1039 3642 1080 3688 nn
1098 3653 1195 3689 amose

165 3700 218 3759 LR
236 3706 278 3759 ed.
298 3724 414 3760 ancoram
431 3706 458 3759 τ’
472 3724 531 3761 nos.
595 3712 630 3764 31
650 3710 684 3764 ia
702 3710 810 3779 futuris
827 3710 854 3765 b
873 3714 908 3768 ia
926 3706 1109 3781 fatuitatis
1127 3706 1177 3757 ab.
