2734 4159
202 336 269 401 360
482 332 623 388 DONATI
639 332 809 388 INTERPR
828 331 936 388 vulto.

203 520 304 564 sensus
327 504 482 566 morientis
505 504 705 581 extinguitur,
731 504 830 562 totum
851 503 956 562 interit
979 522 1039 579 quo
1060 504 1127 564 vita
1149 506 1220 564 reti·

202 594 303 667 netur,
329 592 429 668 perdit
455 591 629 668 obsequium
657 593 794 668 quisquis
820 591 899 654 illud
925 611 986 652 non
1011 593 1141 667 homini,
1168 593 1218 654 sed

149 689 183 737 ιι
203 683 295 741 cineri
320 700 499 760 praerogare
526 680 687 741 contendit.
733 685 804 750 esto,
829 699 950 754 ceptam
970 683 1049 742 aeoli
1070 682 1219 757 quondam

201 773 305 844 flexere
326 773 438 839 meriti,
458 788 520 829 acu
537 771 660 845 Libyae,
678 787 739 829 aen
761 774 830 830 ente
848 771 936 845 Tyro,
958 771 1108 845 despectos
1125 772 1219 832 Hier·

203 862 255 921 tue
278 862 464 934 ductoresque
486 860 550 928 ulii
569 876 640 933 quos
657 856 767 933 Africa
785 863 865 919 terro
882 861 1039 934 triumphis
1057 860 1140 920 dives
1158 862 1253 930 alite

196 950 345 1024 placitone
368 952 455 1009 etium
472 950 623 1024 papantis
645 949 761 1008 amori?
797 967 866 1008 cum
888 948 994 1023 adhuc,
1012 948 1123 1025 inquit,
1141 967 1219 1010 esses

199 1055 305 1117 aegra,
336 1040 392 1098 hoc
423 1040 469 1098 est
501 1056 568 1097 cum
600 1056 701 1097 recens
711 1038 837 1097 mariti
866 1037 978 1113 perditi
1005 1042 1036 1098 te
1063 1038 1220 1118 adfligeret

202 1128 299 1203 dolor,
327 1130 530 1204 petitoresre
498 1128 629 1185 reiecisti
654 1127 787 1202 potentis
811 1129 841 1186 et
863 1127 1017 1204 plurimos
1063 1130 1220 1188 consenuit

201 1218 290 1293 lapsu
307 1217 450 1293 temporis
469 1216 563 1289 dolor,
577 1234 662 1275 emor
678 1216 803 1291 placuit
817 1216 983 1292 conplenda
1000 1218 1153 1277 sententia
1165 1221 1219 1278 est.

202 1326 241 1365 an
268 1306 325 1366 tibi
353 1304 433 1380 qu'od
460 1306 625 1380 praesumis
653 1306 697 1363 sic
723 1304 832 1365 animis
860 1304 948 1365 debet
970 1304 1065 1365 videri
1088 1308 1255 1369 retinen-ro

202 1395 286 1470 dum,
313 1399 348 1455 ut
371 1395 523 1470 perpetuis
546 1393 677 1453 luctibus
701 1412 810 1453 vacans
833 1394 987 1454 iuventam
1009 1412 1129 1454 omnem
1151 1414 1220 1456 con·

201 1487 286 1563 iugia
317 1483 483 1559 respuendo
514 1481 724 1559 transmittas?
770 1485 796 1543 si
827 1484 922 1560 igitur
952 1486 1096 1560 petitores
1129 1485 1221 1561 primi

202 1573 327 1634 fastidio
349 1572 528 1647 inpedientis
551 1571 662 1631 doloris
686 1572 763 1631 nihil
784 1591 840 1648 pro
863 1573 1018 1632 uoluntate
1036 1578 1221 1648 meruerunt,

202 1663 282 1740 quod
304 1680 383 1720 nunc
405 1662 521 1737 placuit
542 1680 603 1719 non
625 1660 714 1721 debet
737 1661 888 1721 contraria
910 1662 1065 1721 voluntate
1085 1662 1219 1724 dissolvi

201 1770 253 1812 aec
270 1753 350 1811 seuit
365 1753 398 1810 ier
416 1754 538 1810 mentem
552 1767 676 1823 queem
690 1752 851 1811 consederis
865 1752 967 1811 cecis?
997 1750 1078 1826 quod
1096 1752 1220 1812 obscure
1232 1772 1256 1814 u

201 1840 279 1900 dixit
305 1859 433 1916 quorum
460 1839 627 1899 consederis
651 1840 731 1899 arvis
754 1839 862 1916 insipit
884 1839 1037 1900 evidenter
1060 1858 1220 1917 exponens:

147 1934 183 1983 40
201 1932 269 1991 hine
293 1929 435 1989 Gaetulae
456 1930 552 1997 urbes,
573 1946 666 2002 penus
688 1930 887 2002 teupercbile
910 1930 995 1997 tello,
1020 1932 1047 1989 et
1068 1930 1221 1991 Naeuam

201 2022 314 2094 infreni
341 2021 460 2093 cuperet
487 2023 513 2077 et
538 2019 687 2091 inhospita
708 2016 818 2093 Syrtis,
841 2019 909 2078 hirec
931 2020 1045 2078 deserto
1066 2021 1119 2079 siti
1140 2023 1221 2095 sepio

201 2110 313 2182 lateque
330 2110 460 2181 furentes
477 2108 615 2167 Barcaei.
652 2108 725 2180 qaid
748 2107 824 2167 bella
847 2107 925 2181 Tyro
947 2110 1099 2182 serpentia
1122 2109 1221 2169 clicone

199 2200 389 2271 yermcnique
410 2198 529 2256 micae?
573 2197 696 2271 plenum
720 2194 851 2255 studium
880 2196 1035 2256 suadentis
1063 2199 1260 2273 exequituree

201 2291 306 2362 utpote
328 2286 479 2345 unanimis
501 2304 592 2345 soror.
638 2304 710 2344 nam
731 2287 800 2360 post
822 2286 919 2344 multe
941 2285 1117 2363 necessaria,
1143 2306 1220 2363 quse

202 2378 339 2451 superius
361 2376 473 2451 posuit,
493 2374 610 2434 addidit
631 2374 762 2433 faciendi
784 2375 992 2435 necessitatem
1011 2376 1133 2453 singule
1152 2394 1220 2435 cum

202 2483 255 2523 suo
279 2468 361 2523 metu
384 2483 566 2539 percurrens.
607 2483 677 2538 non,
700 2465 808 2540 inquit,
831 2464 968 2523 venitin
991 2467 1122 2523 mentem
1141 2484 1220 2541 ·quo-

201 2573 268 2611 rum
296 2553 462 2612 consederis
490 2551 590 2611 arvis?
618 2553 674 2611 hoc
702 2555 747 2612 est
776 2571 833 2611 non
861 2556 973 2612 tractas
996 2556 1026 2612 te
1050 2571 1113 2613 esse
1136 2573 1219 2631 pere·

202 2641 320 2720 grinam
352 2647 441 2718 atque
472 2644 505 2700 in
536 2642 702 2719 peregrinis
729 2641 866 2718 partibus
895 2643 1056 2717 imperium
1083 2646 1114 2701 te
1142 2643 1220 2704 velle
1233 2662 1258 2704 rs

202 2730 336 2803 fundare,
359 2731 448 2789 initia
471 2732 571 2790 omnia
594 2731 704 2789 habere
727 2731 860 2791 laborem
883 2732 999 2808 durum,
1018 2732 1065 2789 vel
1089 2734 1220 2793 maxime

202 2819 233 2876 in
262 2836 351 2878 cause
377 2819 497 2894 imperii
527 2818 612 2893 novi,
645 2819 725 2893 quod
755 2821 869 2879 femine
901 2825 930 2879 et
959 2821 1023 2879 sols
1050 2822 1083 2879 in
1111 2821 1220 2881 alienis

201 2908 288 2966 terris
311 2926 418 2984 parare
442 2908 595 2967 contendis
618 2908 820 2967 firmissimam
838 2909 946 2984 sedem,
965 2928 1028 2969 esse
1047 2911 1219 2971 innumeras

201 2999 312 3075 gentis,
345 3016 421 3072 quae
452 2999 483 3055 te
515 2999 644 3056 maximo
677 2998 797 3056 urbium
827 3017 951 3058 numero
982 2998 1126 3057 infestare
1159 3019 1219 3059 non

202 3085 353 3159 dubitent,
386 3104 463 3160 quae
495 3086 650 3145 ferocitate
682 3086 836 3164 gaudeant
865 3090 895 3145 et
923 3088 1076 3162 potentiae
1104 3088 1218 3149 viribus
1231 3107 1255 3148 so

200 3177 318 3251 possint
349 3174 464 3250 inplere
497 3174 638 3249 quicquid
671 3176 771 3234 animo
800 3177 950 3252 coeperint
978 3180 1008 3235 et
1035 3179 1219 3254 cogitatione

201 3261 361 3340 perficere?
402 3263 472 3323 hinc
496 3262 640 3323 Gaetulae
663 3264 760 3337 urbes,
783 3285 877 3343 genus
899 3266 1101 3341 insuperabile
1124 3266 1217 3327 bello:

203 3352 283 3428 quod
305 3371 397 3431 genus
420 3352 575 3411 hominum
597 3354 719 3428 nesciet,
742 3355 850 3429 inquit,
873 3356 962 3429 vinci,
985 3373 1052 3413 cum
1080 3356 1217 3417 intulerIt

274 3510 289 3559 9
309 3506 386 3574 lapso
404 3504 464 3558 th.
534 3508 567 3557 10
586 3506 688 3560 areimis
706 3505 757 3559 Lu
776 3508 869 3562 animo
888 3508 932 3561 cd
998 3514 1030 3559 13
1050 3509 1218 3576 inpedientes

203 3575 253 3629 tu
268 3593 336 3631 corr
346 3593 360 3628 r
375 3576 417 3630 ed
475 3580 508 3629 18
526 3576 616 3629 inlito
634 3575 656 3629 L
674 3577 770 3631 intua
788 3578 813 3631 R
830 3579 1009 3647 inlscsps'tar
1065 3584 1100 3634 28
1118 3581 1216 3647 firmae

195 3649 298 3704 samm
320 3647 374 3702 th
397 3646 446 3702 edI
473 3647 690 3713 infirruieeimom
718 3664 782 3702 eum
804 3665 890 3718 prava
914 3649 1096 3705 distinctione
1119 3651 1212 3721 eus*

184 3722 278 3778 sedem
298 3739 356 3781 eece
373 3720 402 3779 R
420 3737 477 3779 esee
494 3716 633 3777 earth.
656 3721 665 3789 l
692 3720 852 3775 tautameos
869 3719 923 3773 ιιι
940 3719 991 3772 ιιι
1007 3722 1069 3773 οι
1057 3739 1077 3774 ι
1096 3722 1164 3778 edl*
