<?xml version="1.0" encoding="UTF-8"?>
<!DOCTYPE html PUBLIC "-//W3C//DTD XHTML 1.0 Transitional//EN"
    "http://www.w3.org/TR/xhtml1/DTD/xhtml1-transitional.dtd">
<html xmlns="http://www.w3.org/1999/xhtml" xml:lang="en" lang="en">
 <head>
  <title>
</title>
<meta http-equiv="Content-Type" content="text/html;charset=utf-8" />
  <meta name='ocr-system' content='tesseract 3.04.00' />
  <meta name='ocr-capabilities' content='ocr_page ocr_carea ocr_par ocr_line ocrx_word'/>
</head>
<body>
  <div class='ocr_page' id='page_1' title='image "./tibericlaudidon02georgoog_0679.png"; bbox 0 0 2734 4159; ppageno 0'>
   <div class='ocr_carea' id='block_1_1' title="bbox 142 359 879 429">
    <p class='ocr_par' dir='ltr' id='par_1_1' title="bbox 142 359 879 429">
     <span class='ocr_line' id='line_1_1' title="bbox 142 359 879 429; baseline -0.015 0"><span class='ocrx_word' id='word_1_1' title='bbox 142 363 209 429; x_wconf 87' lang='grc'>618</span> <span class='ocrx_word' id='word_1_2' title='bbox 425 361 565 416; x_wconf 83' lang='lat' dir='ltr'>DONATI</span> <span class='ocrx_word' id='word_1_3' title='bbox 581 359 752 417; x_wconf 78' lang='lat' dir='ltr'>INTERPR.</span> <span class='ocrx_word' id='word_1_4' title='bbox 771 361 879 418; x_wconf 80' lang='lat' dir='ltr'><strong>VERG.</strong></span> 
     </span>
    </p>
   </div>
   <div class='ocr_carea' id='block_1_2' title="bbox 96 529 1203 3378">
    <p class='ocr_par' dir='ltr' id='par_1_2' title="bbox 96 529 1203 3378">
     <span class='ocr_line' id='line_1_2' title="bbox 141 529 1162 609; baseline -0.001 -17"><span class='ocrx_word' id='word_1_5' title='bbox 141 534 215 592; x_wconf 86' lang='lat' dir='ltr'>liter</span> <span class='ocrx_word' id='word_1_6' title='bbox 241 549 338 609; x_wconf 52' lang='lat' dir='ltr'>quae&lt;</span> <span class='ocrx_word' id='word_1_7' title='bbox 374 529 492 606; x_wconf 85' lang='lat' dir='ltr'>quando</span> <span class='ocrx_word' id='word_1_8' title='bbox 520 532 600 589; x_wconf 87' lang='lat' dir='ltr'>enim</span> <span class='ocrx_word' id='word_1_9' title='bbox 626 535 746 591; x_wconf 89' lang='lat' dir='ltr'>tantum</span> <span class='ocrx_word' id='word_1_10' title='bbox 774 550 947 608; x_wconf 86' lang='lat' dir='ltr'>camporum</span> <span class='ocrx_word' id='word_1_11' title='bbox 973 534 1028 591; x_wconf 85' lang='lat' dir='ltr'>vel</span> <span class='ocrx_word' id='word_1_12' title='bbox 1044 535 1162 592; x_wconf 88' lang='lat' dir='ltr'>tantam</span> 
     </span>
     <span class='ocr_line' id='line_1_3' title="bbox 142 620 1164 697; baseline 0.001 -17"><span class='ocrx_word' id='word_1_13' title='bbox 142 620 366 680; x_wconf 75' lang='lat' dir='ltr'>multitudinem</span> <span class='ocrx_word' id='word_1_14' title='bbox 394 622 563 679; x_wconf 80' lang='lat' dir='ltr'>animarum</span> <span class='ocrx_word' id='word_1_15' title='bbox 577 638 725 680; x_wconf 81' lang='lat' dir='ltr'>sermone</span> <span class='ocrx_word' id='word_1_16' title='bbox 753 624 855 697; x_wconf 87' lang='lat' dir='ltr'>posset</span> <span class='ocrx_word' id='word_1_17' title='bbox 876 620 1047 681; x_wconf 76' lang='lat' dir='ltr'>includere?</span> <span class='ocrx_word' id='word_1_18' title='bbox 1093 621 1164 683; x_wconf 90' lang='lat' dir='ltr'>dein</span> 
     </span>
     <span class='ocr_line' id='line_1_4' title="bbox 142 704 1163 789; baseline 0.001 -20"><span class='ocrx_word' id='word_1_19' title='bbox 142 710 224 769; x_wconf 87' lang='lat' dir='ltr'>bella</span> <span class='ocrx_word' id='word_1_20' title='bbox 242 710 396 768; x_wconf 87' lang='lat' dir='ltr'>subiunxit</span> <span class='ocrx_word' id='word_1_21' title='bbox 414 728 490 785; x_wconf 86' lang='lat' dir='ltr'>quae</span> <span class='ocrx_word' id='word_1_22' title='bbox 509 713 645 786; x_wconf 84' lang='lat' dir='ltr'>gesturus</span> <span class='ocrx_word' id='word_1_23' title='bbox 664 704 698 768; x_wconf 87' lang='lat' dir='ltr'>in</span> <span class='ocrx_word' id='word_1_24' title='bbox 714 710 807 770; x_wconf 89' lang='lat' dir='ltr'>Italia</span> <span class='ocrx_word' id='word_1_25' title='bbox 825 710 885 769; x_wconf 84' lang='lat' dir='ltr'>fuit</span> <span class='ocrx_word' id='word_1_26' title='bbox 902 714 934 771; x_wconf 90' lang='lat' dir='ltr'>et</span> <span class='ocrx_word' id='word_1_27' title='bbox 951 711 1048 789; x_wconf 84' lang='lat' dir='ltr'>gentis</span> <span class='ocrx_word' id='word_1_28' title='bbox 1066 712 1163 770; x_wconf 85' lang='lat' dir='ltr'>Italas</span> 
     </span>
     <span class='ocr_line' id='line_1_5' title="bbox 142 798 1163 876; baseline 0.002 -19"><span class='ocrx_word' id='word_1_29' title='bbox 142 800 262 858; x_wconf 87' lang='lat' dir='ltr'>futuras</span> <span class='ocrx_word' id='word_1_30' title='bbox 288 818 304 858; x_wconf 91' lang='lat' dir='ltr'>e</span> <span class='ocrx_word' id='word_1_31' title='bbox 332 798 449 859; x_wconf 85' lang='lat' dir='ltr'>diverso</span> <span class='ocrx_word' id='word_1_32' title='bbox 476 800 668 874; x_wconf 85' lang='lat' dir='ltr'>monstravit,</span> <span class='ocrx_word' id='word_1_33' title='bbox 701 800 808 876; x_wconf 87' lang='lat' dir='ltr'>quibus</span> <span class='ocrx_word' id='word_1_34' title='bbox 837 799 950 859; x_wconf 84' lang='lat' dir='ltr'>fidebat</span> <span class='ocrx_word' id='word_1_35' title='bbox 975 802 1075 859; x_wconf 84' lang='lat' dir='ltr'>virum</span> <span class='ocrx_word' id='word_1_36' title='bbox 1101 819 1163 859; x_wconf 88' lang='lat' dir='ltr'>non</span> 
     </span>
     <span class='ocr_line' id='line_1_6' title="bbox 144 888 1202 965; baseline 0.003 -18"><span class='ocrx_word' id='word_1_37' title='bbox 144 890 257 947; x_wconf 85' lang='lat' dir='ltr'>terreri.</span> <span class='ocrx_word' id='word_1_38' title='bbox 295 892 405 963; x_wconf 87' lang='lat' dir='ltr'>tamen,</span> <span class='ocrx_word' id='word_1_39' title='bbox 429 907 488 963; x_wconf 91' lang='lat' dir='ltr'>quo</span> <span class='ocrx_word' id='word_1_40' title='bbox 511 888 673 947; x_wconf 85' lang='lat' dir='ltr'>firmiorem</span> <span class='ocrx_word' id='word_1_41' title='bbox 696 889 870 964; x_wconf 88' lang='lat' dir='ltr'>dimitteret,</span> <span class='ocrx_word' id='word_1_42' title='bbox 889 889 991 950; x_wconf 87' lang='lat' dir='ltr'>docuit</span> <span class='ocrx_word' id='word_1_43' title='bbox 1014 890 1162 965; x_wconf 89' lang='lat' dir='ltr'>quomodo</span> <span class='ocrx_word' id='word_1_44' title='bbox 1190 910 1202 950; x_wconf 80' lang='lat' dir='ltr'>a</span> 
     </span>
     <span class='ocr_line' id='line_1_7' title="bbox 142 977 1190 1054; baseline 0.001 -18"><span class='ocrx_word' id='word_1_45' title='bbox 142 997 385 1054; x_wconf 88' lang='lat' dir='ltr'>unumquemque</span> <span class='ocrx_word' id='word_1_46' title='bbox 407 977 541 1036; x_wconf 88' lang='lat' dir='ltr'>laborem</span> <span class='ocrx_word' id='word_1_47' title='bbox 564 981 618 1036; x_wconf 90' lang='lat' dir='ltr'>aut</span> <span class='ocrx_word' id='word_1_48' title='bbox 640 980 773 1047; x_wconf 82' lang='lat' dir='ltr'>vinceret</span> <span class='ocrx_word' id='word_1_49' title='bbox 795 982 850 1038; x_wconf 87' lang='lat' dir='ltr'>ant</span> <span class='ocrx_word' id='word_1_50' title='bbox 872 981 982 1038; x_wconf 88' lang='lat' dir='ltr'>vitaret</span> <span class='ocrx_word' id='word_1_51' title='bbox 1004 981 1058 1037; x_wconf 90' lang='lat' dir='ltr'>aut</span> <span class='ocrx_word' id='word_1_52' title='bbox 1083 982 1162 1037; x_wconf 85' lang='lat' dir='ltr'>certe</span> <span class='ocrx_word' id='word_1_53' title='bbox 1186 981 1190 989; x_wconf 82' lang='grc'><strong>’</strong></span> 
     </span>
     <span class='ocr_line' id='line_1_8' title="bbox 143 1067 1162 1144; baseline 0.003 -20"><span class='ocrx_word' id='word_1_54' title='bbox 143 1067 265 1127; x_wconf 81' lang='lat' dir='ltr'>ferendo</span> <span class='ocrx_word' id='word_1_55' title='bbox 292 1067 443 1127; x_wconf 71' lang='lat' dir='ltr'>toleraret.</span> <span class='ocrx_word' id='word_1_56' title='bbox 489 1070 587 1143; x_wconf 80' lang='lat' dir='ltr'><strong>ipsam</strong></span> <span class='ocrx_word' id='word_1_57' title='bbox 603 1069 793 1127; x_wconf 84' lang='lat' dir='ltr'>sententiam</span> <span class='ocrx_word' id='word_1_58' title='bbox 821 1071 910 1143; x_wconf 88' lang='lat' dir='ltr'>poeta</span> <span class='ocrx_word' id='word_1_59' title='bbox 930 1071 968 1126; x_wconf 66' lang='lat' dir='ltr'>⁴et</span> <span class='ocrx_word' id='word_1_60' title='bbox 987 1068 1027 1126; x_wconf 88' lang='lat' dir='ltr'>in</span> <span class='ocrx_word' id='word_1_61' title='bbox 1056 1070 1162 1144; x_wconf 89' lang='lat' dir='ltr'>quinto</span> 
     </span>
     <span class='ocr_line' id='line_1_9' title="bbox 143 1148 1163 1238; baseline 0.001 -24"><span class='ocrx_word' id='word_1_62' title='bbox 143 1154 221 1215; x_wconf 89' lang='lat' dir='ltr'>libro</span> <span class='ocrx_word' id='word_1_63' title='bbox 240 1148 336 1238; x_wconf 83' lang='lat'>(710)</span> <span class='ocrx_word' id='word_1_64' title='bbox 355 1157 458 1233; x_wconf 87' lang='lat' dir='ltr'>posuit</span> <span class='ocrx_word' id='word_1_65' title='bbox 476 1158 531 1215; x_wconf 86' lang='lat' dir='ltr'>sic:</span> <span class='ocrx_word' id='word_1_66' title='bbox 555 1154 768 1232; x_wconf 85' lang='lat' dir='ltr'>„superanda“‚</span> <span class='ocrx_word' id='word_1_67' title='bbox 781 1159 889 1233; x_wconf 85' lang='lat' dir='ltr'>inquit,</span> <span class='ocrx_word' id='word_1_68' title='bbox 907 1160 1021 1232; x_wconf 86' lang='lat' dir='ltr'>„omnis</span> <span class='ocrx_word' id='word_1_69' title='bbox 1040 1158 1163 1217; x_wconf 86' lang='lat' dir='ltr'>fortuna</span> 
     </span>
     <span class='ocr_line' id='line_1_10' title="bbox 142 1244 1162 1324; baseline 0.002 -21"><span class='ocrx_word' id='word_1_70' title='bbox 142 1245 264 1305; x_wconf 86' lang='lat' dir='ltr'>ferendo</span> <span class='ocrx_word' id='word_1_71' title='bbox 293 1244 369 1324; x_wconf 84' lang='lat' dir='ltr'>est“3</span> <span class='ocrx_word' id='word_1_72' title='bbox 401 1244 482 1320; x_wconf 88' lang='lat' dir='ltr'>quod</span> <span class='ocrx_word' id='word_1_73' title='bbox 505 1246 584 1304; x_wconf 92' lang='lat' dir='ltr'>enim</span> <span class='ocrx_word' id='word_1_74' title='bbox 606 1246 689 1305; x_wconf 89' lang='lat' dir='ltr'>vinci</span> <span class='ocrx_word' id='word_1_75' title='bbox 711 1266 771 1306; x_wconf 87' lang='lat' dir='ltr'>non</span> <span class='ocrx_word' id='word_1_76' title='bbox 793 1249 894 1322; x_wconf 84' lang='lat' dir='ltr'>potest</span> <span class='ocrx_word' id='word_1_77' title='bbox 921 1247 1085 1306; x_wconf 86' lang='lat' dir='ltr'>resistendo</span> <span class='ocrx_word' id='word_1_78' title='bbox 1114 1247 1162 1318; x_wconf 75' lang='lat' dir='ltr'>vel</span> 
     </span>
     <span class='ocr_line' id='line_1_11' title="bbox 142 1334 1203 1412; baseline 0.003 -20"><span class='ocrx_word' id='word_1_79' title='bbox 142 1334 264 1395; x_wconf 90' lang='lat' dir='ltr'>ferendo</span> <span class='ocrx_word' id='word_1_80' title='bbox 287 1338 453 1412; x_wconf 86' lang='lat' dir='ltr'>superatur.</span> <span class='ocrx_word' id='word_1_81' title='bbox 1032 1382 1036 1390; x_wconf 25' lang='grc' dir='ltr'><em>Α</em></span> <span class='ocrx_word' id='word_1_82' title='bbox 1177 1355 1203 1395; x_wconf 82' lang='lat' dir='ltr'>ro</span> 
     </span>
     <span class='ocr_line' id='line_1_12' title="bbox 209 1422 1162 1499; baseline 0.001 -16"><span class='ocrx_word' id='word_1_83' title='bbox 209 1422 287 1484; x_wconf 69' lang='lat' dir='ltr'>Stant</span> <span class='ocrx_word' id='word_1_84' title='bbox 305 1425 439 1499; x_wconf 65' lang='lat' dir='ltr'>camiaco</span> <span class='ocrx_word' id='word_1_85' title='bbox 461 1427 557 1484; x_wconf 69' lang='lat' dir='ltr'>soma</span> <span class='ocrx_word' id='word_1_86' title='bbox 573 1429 693 1497; x_wconf 78' lang='lat' dir='ltr'>portae,</span> <span class='ocrx_word' id='word_1_87' title='bbox 717 1443 844 1499; x_wconf 77' lang='lat' dir='ltr'>quaram</span> <span class='ocrx_word' id='word_1_88' title='bbox 867 1426 960 1484; x_wconf 82' lang='lat' dir='ltr'>altera</span> <span class='ocrx_word' id='word_1_89' title='bbox 982 1426 1078 1497; x_wconf 76' lang='lat' dir='ltr'>fertur</span> <span class='ocrx_word' id='word_1_90' title='bbox 1101 1442 1162 1484; x_wconf 87' lang='lat' dir='ltr'>cor·</span> 
     </span>
     <span class='ocr_line' id='line_1_13' title="bbox 96 1514 1163 1588; baseline 0.008 -24"><span class='ocrx_word' id='word_1_91' title='bbox 96 1516 217 1582; x_wconf 69' lang='lat' dir='ltr'>leonae,</span> <span class='ocrx_word' id='word_1_92' title='bbox 241 1533 302 1588; x_wconf 78' lang='lat' dir='ltr'>qao</span> <span class='ocrx_word' id='word_1_93' title='bbox 323 1516 401 1574; x_wconf 78' lang='lat' dir='ltr'>certe</span> <span class='ocrx_word' id='word_1_94' title='bbox 423 1514 522 1587; x_wconf 76' lang='lat' dir='ltr'>facille</span> <span class='ocrx_word' id='word_1_95' title='bbox 545 1514 634 1572; x_wconf 80' lang='lat' dir='ltr'>datur</span> <span class='ocrx_word' id='word_1_96' title='bbox 657 1516 750 1573; x_wconf 76' lang='lat' dir='ltr'>caitae</span> <span class='ocrx_word' id='word_1_97' title='bbox 772 1515 893 1582; x_wconf 79' lang='lat' dir='ltr'>umbris,</span> <span class='ocrx_word' id='word_1_98' title='bbox 912 1515 1007 1577; x_wconf 75' lang='lat' dir='ltr'>altera</span> <span class='ocrx_word' id='word_1_99' title='bbox 1026 1514 1163 1573; x_wconf 72' lang='lat' dir='ltr'>caedenti</span> 
     </span>
     <span class='ocr_line' id='line_1_14' title="bbox 136 1603 1162 1678; baseline -0.003 -14"><span class='ocrx_word' id='word_1_100' title='bbox 136 1604 271 1678; x_wconf 76' lang='lat' dir='ltr'>perfecto</span> <span class='ocrx_word' id='word_1_101' title='bbox 292 1606 389 1663; x_wconf 74' lang='lat' dir='ltr'>alteas</span> <span class='ocrx_word' id='word_1_102' title='bbox 412 1604 574 1676; x_wconf 77' lang='lat' dir='ltr'>clepbcmtc,</span> <span class='ocrx_word' id='word_1_103' title='bbox 602 1605 653 1662; x_wconf 85' lang='lat' dir='ltr'>scd</span> <span class='ocrx_word' id='word_1_104' title='bbox 675 1604 757 1677; x_wconf 77' lang='lat' dir='ltr'>falco</span> <span class='ocrx_word' id='word_1_105' title='bbox 780 1603 821 1662; x_wconf 84' lang='lat' dir='ltr'>cd</span> <span class='ocrx_word' id='word_1_106' title='bbox 844 1603 956 1661; x_wconf 73' lang='lat' dir='ltr'>eccam</span> <span class='ocrx_word' id='word_1_107' title='bbox 977 1605 1095 1661; x_wconf 72' lang='lat' dir='ltr'>natant</span> <span class='ocrx_word' id='word_1_108' title='bbox 1116 1605 1162 1662; x_wconf 76' lang='lat' dir='ltr'>ia-</span> 
     </span>
     <span class='ocr_line' id='line_1_15' title="bbox 141 1690 1161 1767; baseline -0.003 -15"><span class='ocrx_word' id='word_1_109' title='bbox 141 1696 258 1752; x_wconf 76' lang='lat' dir='ltr'>comnc‘a</span> <span class='ocrx_word' id='word_1_110' title='bbox 279 1694 392 1751; x_wconf 78' lang='lat' dir='ltr'>monis:</span> <span class='ocrx_word' id='word_1_111' title='bbox 415 1692 488 1750; x_wconf 86' lang='lat' dir='ltr'>duas</span> <span class='ocrx_word' id='word_1_112' title='bbox 512 1691 589 1750; x_wconf 84' lang='lat' dir='ltr'>dixit</span> <span class='ocrx_word' id='word_1_113' title='bbox 611 1710 674 1751; x_wconf 89' lang='lat' dir='ltr'>esse</span> <span class='ocrx_word' id='word_1_114' title='bbox 697 1694 809 1767; x_wconf 84' lang='lat' dir='ltr'>portas,</span> <span class='ocrx_word' id='word_1_115' title='bbox 828 1693 884 1751; x_wconf 91' lang='lat' dir='ltr'>hoc</span> <span class='ocrx_word' id='word_1_116' title='bbox 907 1695 952 1751; x_wconf 89' lang='lat' dir='ltr'>cst</span> <span class='ocrx_word' id='word_1_117' title='bbox 973 1692 1047 1751; x_wconf 86' lang='lat' dir='ltr'>duos</span> <span class='ocrx_word' id='word_1_118' title='bbox 1066 1690 1161 1751; x_wconf 87' lang='lat' dir='ltr'>exitus</span> 
     </span>
     <span class='ocr_line' id='line_1_16' title="bbox 141 1780 1202 1860; baseline 0.001 -20"><span class='ocrx_word' id='word_1_119' title='bbox 141 1781 319 1860; x_wconf 83' lang='lat' dir='ltr'>inferorum,</span> <span class='ocrx_word' id='word_1_120' title='bbox 347 1784 467 1857; x_wconf 87' lang='lat' dir='ltr'>portam</span> <span class='ocrx_word' id='word_1_121' title='bbox 493 1800 585 1839; x_wconf 89' lang='lat' dir='ltr'>unam</span> <span class='ocrx_word' id='word_1_122' title='bbox 614 1799 765 1855; x_wconf 81' lang='lat' dir='ltr'>corneam,</span> <span class='ocrx_word' id='word_1_123' title='bbox 793 1781 884 1840; x_wconf 88' lang='lat' dir='ltr'>aliam</span> <span class='ocrx_word' id='word_1_124' title='bbox 913 1800 947 1839; x_wconf 85' lang='lat' dir='ltr'>ex</span> <span class='ocrx_word' id='word_1_125' title='bbox 971 1780 1072 1840; x_wconf 88' lang='lat' dir='ltr'>ebore:</span> <span class='ocrx_word' id='word_1_126' title='bbox 1109 1800 1162 1856; x_wconf 89' lang='lat' dir='ltr'>per</span> <span class='ocrx_word' id='word_1_127' title='bbox 1176 1799 1202 1841; x_wconf 82' lang='lat' dir='ltr'>ro</span> 
     </span>
     <span class='ocr_line' id='line_1_17' title="bbox 142 1870 1162 1946; baseline -0.001 -17"><span class='ocrx_word' id='word_1_128' title='bbox 142 1889 282 1932; x_wconf 86' lang='lat' dir='ltr'>corneam</span> <span class='ocrx_word' id='word_1_129' title='bbox 304 1872 381 1930; x_wconf 85' lang='lat' dir='ltr'>dixit</span> <span class='ocrx_word' id='word_1_130' title='bbox 402 1890 487 1930; x_wconf 86' lang='lat' dir='ltr'>veras</span> <span class='ocrx_word' id='word_1_131' title='bbox 512 1871 610 1930; x_wconf 86' lang='lat' dir='ltr'>emitti</span> <span class='ocrx_word' id='word_1_132' title='bbox 637 1870 772 1945; x_wconf 87' lang='lat' dir='ltr'>umbras,</span> <span class='ocrx_word' id='word_1_133' title='bbox 800 1870 880 1946; x_wconf 90' lang='lat' dir='ltr'>quod</span> <span class='ocrx_word' id='word_1_134' title='bbox 903 1873 1004 1929; x_wconf 89' lang='lat' dir='ltr'>autem</span> <span class='ocrx_word' id='word_1_135' title='bbox 1025 1870 1162 1929; x_wconf 87' lang='lat' dir='ltr'>videmur</span> 
     </span>
     <span class='ocr_line' id='line_1_18' title="bbox 142 1959 1163 2035; baseline -0.003 -16"><span class='ocrx_word' id='word_1_136' title='bbox 142 1960 229 2021; x_wconf 90' lang='lat' dir='ltr'>nobis</span> <span class='ocrx_word' id='word_1_137' title='bbox 252 1960 354 2020; x_wconf 86' lang='lat' dir='ltr'>videre</span> <span class='ocrx_word' id='word_1_138' title='bbox 376 1960 557 2019; x_wconf 86' lang='lat' dir='ltr'>dormientes</span> <span class='ocrx_word' id='word_1_139' title='bbox 581 1963 612 2018; x_wconf 89' lang='lat' dir='ltr'>et</span> <span class='ocrx_word' id='word_1_140' title='bbox 635 1960 716 2035; x_wconf 90' lang='lat' dir='ltr'>quod</span> <span class='ocrx_word' id='word_1_141' title='bbox 737 1978 792 2019; x_wconf 91' lang='lat' dir='ltr'>nos</span> <span class='ocrx_word' id='word_1_142' title='bbox 815 1959 990 2035; x_wconf 85' lang='lat' dir='ltr'>plerumque</span> <span class='ocrx_word' id='word_1_143' title='bbox 1009 1960 1085 2017; x_wconf 87' lang='lat' dir='ltr'>facit</span> <span class='ocrx_word' id='word_1_144' title='bbox 1102 1976 1163 2017; x_wconf 90' lang='lat' dir='ltr'>nou</span> 
     </span>
     <span class='ocr_line' id='line_1_19' title="bbox 142 2046 1162 2125; baseline -0.004 -16"><span class='ocrx_word' id='word_1_145' title='bbox 142 2048 272 2110; x_wconf 85' lang='lat' dir='ltr'>dormire</span> <span class='ocrx_word' id='word_1_146' title='bbox 299 2070 354 2125; x_wconf 90' lang='lat' dir='ltr'>per</span> <span class='ocrx_word' id='word_1_147' title='bbox 376 2049 537 2109; x_wconf 85' lang='lat' dir='ltr'>eburneam</span> <span class='ocrx_word' id='word_1_148' title='bbox 559 2050 699 2109; x_wconf 85' lang='lat' dir='ltr'>mittitur.</span> <span class='ocrx_word' id='word_1_149' title='bbox 745 2050 792 2107; x_wconf 81' lang='lat' dir='ltr'>bis</span> <span class='ocrx_word' id='word_1_150' title='bbox 814 2049 866 2107; x_wconf 75' lang='lat' dir='ltr'>aba</span> <span class='ocrx_word' id='word_1_151' title='bbox 888 2052 950 2106; x_wconf 81' lang='lat' dir='ltr'>tara</span> <span class='ocrx_word' id='word_1_152' title='bbox 972 2052 1076 2107; x_wconf 77' lang='lat' dir='ltr'>catam</span> <span class='ocrx_word' id='word_1_153' title='bbox 1097 2046 1162 2105; x_wconf 76' lang='lat' dir='ltr'>Aa·</span> 
     </span>
     <span class='ocr_line' id='line_1_20' title="bbox 143 2139 1163 2214; baseline -0.002 -17"><span class='ocrx_word' id='word_1_154' title='bbox 143 2140 234 2199; x_wconf 79' lang='lat' dir='ltr'>cbc&#39;sea</span> <span class='ocrx_word' id='word_1_155' title='bbox 260 2156 378 2213; x_wconf 75' lang='lat' dir='ltr'>cacque</span> <span class='ocrx_word' id='word_1_156' title='bbox 404 2139 548 2214; x_wconf 72' lang='lat' dir='ltr'>Sibyllam</span> <span class='ocrx_word' id='word_1_157' title='bbox 569 2142 759 2213; x_wconf 71' lang='lat' dir='ltr'>prosequatur</span> <span class='ocrx_word' id='word_1_158' title='bbox 785 2139 881 2208; x_wconf 63' lang='lat' dir='ltr'>dictis</span> <span class='ocrx_word' id='word_1_159' title='bbox 890 2142 1035 2211; x_wconf 71' lang='lat' dir='ltr'>portaque</span> <span class='ocrx_word' id='word_1_160' title='bbox 1062 2139 1163 2196; x_wconf 71' lang='lat' dir='ltr'>eradit</span> 
     </span>
     <span class='ocr_line' id='line_1_21' title="bbox 143 2225 1202 2307; baseline -0.002 -20"><span class='ocrx_word' id='word_1_161' title='bbox 143 2230 271 2287; x_wconf 73' lang='lat' dir='ltr'>eburna:</span> <span class='ocrx_word' id='word_1_162' title='bbox 293 2229 346 2287; x_wconf 90' lang='lat' dir='ltr'>ubi</span> <span class='ocrx_word' id='word_1_163' title='bbox 369 2231 463 2307; x_wconf 80' lang='lat' dir='ltr'>igitur</span> <span class='ocrx_word' id='word_1_164' title='bbox 485 2229 630 2289; x_wconf 79' lang='lat' dir='ltr'>Anchises</span> <span class='ocrx_word' id='word_1_165' title='bbox 653 2232 759 2286; x_wconf 88' lang='lat' dir='ltr'>natum</span> <span class='ocrx_word' id='word_1_166' title='bbox 783 2230 813 2285; x_wconf 90' lang='lat' dir='ltr'>et</span> <span class='ocrx_word' id='word_1_167' title='bbox 832 2226 980 2302; x_wconf 76' lang='lat' dir='ltr'>Sibyllam</span> <span class='ocrx_word' id='word_1_168' title='bbox 1002 2226 1049 2284; x_wconf 91' lang='lat' dir='ltr'>his</span> <span class='ocrx_word' id='word_1_169' title='bbox 1073 2225 1161 2284; x_wconf 88' lang='lat' dir='ltr'>dictis</span> <span class='ocrx_word' id='word_1_170' title='bbox 1175 2246 1202 2285; x_wconf 81' lang='lat' dir='ltr'>rc</span> 
     </span>
     <span class='ocr_line' id='line_1_22' title="bbox 142 2315 1160 2394; baseline -0.004 -18"><span class='ocrx_word' id='word_1_171' title='bbox 142 2320 316 2393; x_wconf 89' lang='lat' dir='ltr'>prosecutus</span> <span class='ocrx_word' id='word_1_172' title='bbox 344 2322 402 2391; x_wconf 87' lang='lat' dir='ltr'>est,</span> <span class='ocrx_word' id='word_1_173' title='bbox 434 2336 484 2376; x_wconf 85' lang='lat' dir='ltr'>eos</span> <span class='ocrx_word' id='word_1_174' title='bbox 516 2337 569 2393; x_wconf 90' lang='lat' dir='ltr'>per</span> <span class='ocrx_word' id='word_1_175' title='bbox 597 2323 715 2394; x_wconf 89' lang='lat' dir='ltr'>portam</span> <span class='ocrx_word' id='word_1_176' title='bbox 744 2317 903 2376; x_wconf 88' lang='lat' dir='ltr'>eburneam</span> <span class='ocrx_word' id='word_1_177' title='bbox 932 2315 1062 2374; x_wconf 87' lang='lat' dir='ltr'>reddidit</span> <span class='ocrx_word' id='word_1_178' title='bbox 1092 2316 1160 2373; x_wconf 89' lang='lat' dir='ltr'>luci.</span> 
     </span>
     <span class='ocr_line' id='line_1_23' title="bbox 142 2405 1162 2480; baseline -0.004 -14"><span class='ocrx_word' id='word_1_179' title='bbox 142 2408 201 2475; x_wconf 70' lang='lat' dir='ltr'>ille,</span> <span class='ocrx_word' id='word_1_180' title='bbox 220 2407 276 2467; x_wconf 90' lang='lat' dir='ltr'>hcc</span> <span class='ocrx_word' id='word_1_181' title='bbox 299 2410 343 2465; x_wconf 88' lang='lat' dir='ltr'>est</span> <span class='ocrx_word' id='word_1_182' title='bbox 361 2405 488 2480; x_wconf 82' lang='lat' dir='ltr'>Aeneas,</span> <span class='ocrx_word' id='word_1_183' title='bbox 505 2410 586 2465; x_wconf 79' lang='lat' dir='ltr'>ctam</span> <span class='ocrx_word' id='word_1_184' title='bbox 608 2413 686 2466; x_wconf 86' lang='lat' dir='ltr'>secat</span> <span class='ocrx_word' id='word_1_185' title='bbox 708 2409 747 2465; x_wconf 85' lang='lat' dir='ltr'>cd</span> <span class='ocrx_word' id='word_1_186' title='bbox 769 2408 857 2466; x_wconf 78' lang='lat' dir='ltr'>accis</span> <span class='ocrx_word' id='word_1_187' title='bbox 879 2408 1025 2478; x_wconf 71' lang='lat' dir='ltr'>soccosque</span> <span class='ocrx_word' id='word_1_188' title='bbox 1046 2406 1162 2463; x_wconf 78' lang='lat' dir='ltr'>recisit:</span> 
     </span>
     <span class='ocr_line' id='line_1_24' title="bbox 144 2493 1162 2573; baseline -0.004 -18"><span class='ocrx_word' id='word_1_189' title='bbox 144 2496 217 2573; x_wconf 88' lang='lat' dir='ltr'>quid</span> <span class='ocrx_word' id='word_1_190' title='bbox 250 2497 329 2554; x_wconf 89' lang='lat' dir='ltr'>enim</span> <span class='ocrx_word' id='word_1_191' title='bbox 361 2494 445 2553; x_wconf 89' lang='lat' dir='ltr'>aliud</span> <span class='ocrx_word' id='word_1_192' title='bbox 479 2497 574 2554; x_wconf 83' lang='lat' dir='ltr'>facere</span> <span class='ocrx_word' id='word_1_193' title='bbox 607 2496 710 2554; x_wconf 87' lang='lat' dir='ltr'>debuit</span> <span class='ocrx_word' id='word_1_194' title='bbox 741 2515 833 2571; x_wconf 89' lang='lat' dir='ltr'>quam</span> <span class='ocrx_word' id='word_1_195' title='bbox 865 2513 934 2555; x_wconf 85' lang='lat' dir='ltr'>suos</span> <span class='ocrx_word' id='word_1_196' title='bbox 963 2493 1064 2553; x_wconf 83' lang='lat' dir='ltr'>uidere</span> <span class='ocrx_word' id='word_1_197' title='bbox 1091 2496 1162 2569; x_wconf 87' lang='lat' dir='ltr'>post</span> 
     </span>
     <span class='ocr_line' id='line_1_25' title="bbox 143 2583 1160 2661; baseline -0.007 -15"><span class='ocrx_word' id='word_1_198' title='bbox 143 2583 282 2661; x_wconf 80' lang='lat' dir='ltr'>tempus?</span> <span class='ocrx_word' id='word_1_199' title='bbox 326 2586 455 2643; x_wconf 87' lang='lat' dir='ltr'>revisere</span> <span class='ocrx_word' id='word_1_200' title='bbox 484 2587 529 2642; x_wconf 90' lang='lat' dir='ltr'>est</span> <span class='ocrx_word' id='word_1_201' title='bbox 556 2587 625 2659; x_wconf 84' lang='lat' dir='ltr'>post</span> <span class='ocrx_word' id='word_1_202' title='bbox 653 2585 770 2660; x_wconf 88' lang='lat' dir='ltr'>aliquas</span> <span class='ocrx_word' id='word_1_203' title='bbox 798 2602 897 2645; x_wconf 89' lang='lat' dir='ltr'>moras</span> <span class='ocrx_word' id='word_1_204' title='bbox 923 2586 1033 2642; x_wconf 89' lang='lat' dir='ltr'>iterum</span> <span class='ocrx_word' id='word_1_205' title='bbox 1055 2584 1160 2642; x_wconf 87' lang='lat' dir='ltr'>visere.</span> 
     </span>
     <span class='ocr_line' id='line_1_26' title="bbox 96 2671 1201 2746; baseline 0.001 -17"><span class='ocrx_word' id='word_1_206' title='bbox 96 2679 215 2734; x_wconf 71' lang='lat' dir='ltr'>loetum</span> <span class='ocrx_word' id='word_1_207' title='bbox 237 2693 268 2734; x_wconf 82' lang='lat' dir='ltr'>cc</span> <span class='ocrx_word' id='word_1_208' title='bbox 290 2674 331 2733; x_wconf 83' lang='lat' dir='ltr'>cd</span> <span class='ocrx_word' id='word_1_209' title='bbox 355 2672 473 2732; x_wconf 79' lang='lat' dir='ltr'>Caietae</span> <span class='ocrx_word' id='word_1_210' title='bbox 495 2678 570 2732; x_wconf 84' lang='lat' dir='ltr'>recto</span> <span class='ocrx_word' id='word_1_211' title='bbox 592 2675 755 2746; x_wconf 73' lang='lat' dir='ltr'>fertiliore</span> <span class='ocrx_word' id='word_1_212' title='bbox 772 2678 907 2746; x_wconf 79' lang='lat' dir='ltr'>portam:</span> <span class='ocrx_word' id='word_1_213' title='bbox 938 2675 1020 2731; x_wconf 88' lang='lat' dir='ltr'>recta</span> <span class='ocrx_word' id='word_1_214' title='bbox 1043 2672 1094 2729; x_wconf 88' lang='lat' dir='ltr'>via</span> <span class='ocrx_word' id='word_1_215' title='bbox 1117 2671 1159 2729; x_wconf 91' lang='lat' dir='ltr'>di·</span> <span class='ocrx_word' id='word_1_216' title='bbox 1175 2690 1201 2730; x_wconf 76' lang='lat' dir='ltr'>aa</span> 
     </span>
     <span class='ocr_line' id='line_1_27' title="bbox 144 2762 1161 2840; baseline -0.005 -17"><span class='ocrx_word' id='word_1_217' title='bbox 144 2766 235 2840; x_wconf 89' lang='lat' dir='ltr'>citur,</span> <span class='ocrx_word' id='word_1_218' title='bbox 264 2765 290 2823; x_wconf 86' lang='lat' dir='ltr'>si</span> <span class='ocrx_word' id='word_1_219' title='bbox 318 2762 437 2838; x_wconf 89' lang='lat' dir='ltr'>quando</span> <span class='ocrx_word' id='word_1_220' title='bbox 465 2762 541 2820; x_wconf 88' lang='lat' dir='ltr'>nihil</span> <span class='ocrx_word' id='word_1_221' title='bbox 570 2762 652 2821; x_wconf 85' lang='lat' dir='ltr'>aliud</span> <span class='ocrx_word' id='word_1_222' title='bbox 676 2763 792 2839; x_wconf 81' lang='lat' dir='ltr'>agimus</span> <span class='ocrx_word' id='word_1_223' title='bbox 815 2763 875 2820; x_wconf 91' lang='lat' dir='ltr'>nisi</span> <span class='ocrx_word' id='word_1_224' title='bbox 896 2763 954 2821; x_wconf 89' lang='lat' dir='ltr'>iter</span> <span class='ocrx_word' id='word_1_225' title='bbox 977 2762 1161 2833; x_wconf 86' lang='lat' dir='ltr'>continuum,</span> 
     </span>
     <span class='ocr_line' id='line_1_28' title="bbox 143 2850 1160 2928; baseline -0.005 -15"><span class='ocrx_word' id='word_1_226' title='bbox 143 2856 179 2913; x_wconf 86' lang='lat' dir='ltr'>ut</span> <span class='ocrx_word' id='word_1_227' title='bbox 201 2853 284 2912; x_wconf 92' lang='lat' dir='ltr'>nullo</span> <span class='ocrx_word' id='word_1_228' title='bbox 308 2852 369 2911; x_wconf 87' lang='lat' dir='ltr'>alio</span> <span class='ocrx_word' id='word_1_229' title='bbox 393 2853 463 2910; x_wconf 86' lang='lat' dir='ltr'>actu</span> <span class='ocrx_word' id='word_1_230' title='bbox 486 2855 644 2928; x_wconf 85' lang='lat' dir='ltr'>rumpatur</span> <span class='ocrx_word' id='word_1_231' title='bbox 669 2871 727 2926; x_wconf 92' lang='lat' dir='ltr'>quo</span> <span class='ocrx_word' id='word_1_232' title='bbox 746 2851 905 2911; x_wconf 87' lang='lat' dir='ltr'>tendimus.</span> <span class='ocrx_word' id='word_1_233' title='bbox 942 2850 1160 2909; x_wconf 81' lang='lat' dir='ltr'>consideremus</span> 
     </span>
     <span class='ocr_line' id='line_1_29' title="bbox 144 2938 1162 3016; baseline -0.006 -14"><span class='ocrx_word' id='word_1_234' title='bbox 144 2946 176 3002; x_wconf 91' lang='lat' dir='ltr'>et</span> <span class='ocrx_word' id='word_1_235' title='bbox 206 2942 325 3001; x_wconf 85' lang='lat' dir='ltr'>Aeneae</span> <span class='ocrx_word' id='word_1_236' title='bbox 357 2945 499 3013; x_wconf 87' lang='lat' dir='ltr'>mentem,</span> <span class='ocrx_word' id='word_1_237' title='bbox 537 2960 613 3016; x_wconf 88' lang='lat' dir='ltr'>quae</span> <span class='ocrx_word' id='word_1_238' title='bbox 646 2960 767 2999; x_wconf 91' lang='lat' dir='ltr'>sucrum</span> <span class='ocrx_word' id='word_1_239' title='bbox 798 2939 1021 3000; x_wconf 87' lang='lat' dir='ltr'>revisendorum</span> <span class='ocrx_word' id='word_1_240' title='bbox 1053 2938 1162 3014; x_wconf 88' lang='lat' dir='ltr'>cupida</span> 
     </span>
     <span class='ocr_line' id='line_1_30' title="bbox 143 3027 1161 3110; baseline -0.007 -19"><span class='ocrx_word' id='word_1_241' title='bbox 143 3032 221 3092; x_wconf 85' lang='lat' dir='ltr'>nihil</span> <span class='ocrx_word' id='word_1_242' title='bbox 248 3050 335 3110; x_wconf 83' lang='lat' dir='ltr'>agere</span> <span class='ocrx_word' id='word_1_243' title='bbox 363 3030 466 3089; x_wconf 88' lang='lat' dir='ltr'>debuit</span> <span class='ocrx_word' id='word_1_244' title='bbox 492 3031 552 3089; x_wconf 87' lang='lat' dir='ltr'>nisi</span> <span class='ocrx_word' id='word_1_245' title='bbox 578 3034 678 3088; x_wconf 90' lang='lat' dir='ltr'>tenere</span> <span class='ocrx_word' id='word_1_246' title='bbox 701 3030 787 3103; x_wconf 86' lang='lat' dir='ltr'>litus,</span> <span class='ocrx_word' id='word_1_247' title='bbox 816 3029 908 3090; x_wconf 91' lang='lat' dir='ltr'>donec</span> <span class='ocrx_word' id='word_1_248' title='bbox 930 3030 1100 3105; x_wconf 78' lang='lat' dir='ltr'>perueniret</span> <span class='ocrx_word' id='word_1_249' title='bbox 1123 3027 1161 3085; x_wconf 88' lang='lat' dir='ltr'>ad</span> 
     </span>
     <span class='ocr_line' id='line_1_31' title="bbox 144 3118 1202 3197; baseline -0.006 -16"><span class='ocrx_word' id='word_1_250' title='bbox 144 3123 239 3181; x_wconf 77' lang='lat' dir='ltr'>navis,</span> <span class='ocrx_word' id='word_1_251' title='bbox 285 3122 328 3180; x_wconf 89' lang='lat' dir='ltr'>sic</span> <span class='ocrx_word' id='word_1_252' title='bbox 363 3121 458 3197; x_wconf 87' lang='lat' dir='ltr'>igitur</span> <span class='ocrx_word' id='word_1_253' title='bbox 493 3118 727 3196; x_wconf 84' lang='lat' dir='ltr'>intellegendum</span> <span class='ocrx_word' id='word_1_254' title='bbox 759 3121 805 3177; x_wconf 86' lang='lat' dir='ltr'>est</span> <span class='ocrx_word' id='word_1_255' title='bbox 836 3121 917 3177; x_wconf 89' lang='lat' dir='ltr'>recto</span> <span class='ocrx_word' id='word_1_256' title='bbox 949 3119 1052 3191; x_wconf 88' lang='lat' dir='ltr'>litore,</span> <span class='ocrx_word' id='word_1_257' title='bbox 1090 3119 1161 3192; x_wconf 91' lang='lat' dir='ltr'>quia</span> <span class='ocrx_word' id='word_1_258' title='bbox 1175 3136 1202 3177; x_wconf 85' lang='lat' dir='ltr'>ac</span> 
     </span>
     <span class='ocr_line' id='line_1_32' title="bbox 144 3206 1162 3283; baseline -0.008 -12"><span class='ocrx_word' id='word_1_259' title='bbox 144 3214 259 3271; x_wconf 86' lang='lat' dir='ltr'>rectum</span> <span class='ocrx_word' id='word_1_260' title='bbox 281 3210 354 3268; x_wconf 86' lang='lat' dir='ltr'>litus</span> <span class='ocrx_word' id='word_1_261' title='bbox 377 3227 437 3267; x_wconf 91' lang='lat' dir='ltr'>non</span> <span class='ocrx_word' id='word_1_262' title='bbox 459 3210 560 3283; x_wconf 87' lang='lat' dir='ltr'>potest</span> <span class='ocrx_word' id='word_1_263' title='bbox 582 3208 720 3283; x_wconf 82' lang='lat' dir='ltr'>inveniri,</span> <span class='ocrx_word' id='word_1_264' title='bbox 742 3211 778 3266; x_wconf 92' lang='lat' dir='ltr'>ut</span> <span class='ocrx_word' id='word_1_265' title='bbox 801 3227 860 3265; x_wconf 89' lang='lat' dir='ltr'>una</span> <span class='ocrx_word' id='word_1_266' title='bbox 883 3208 1049 3265; x_wconf 86' lang='lat' dir='ltr'>intentione</span> <span class='ocrx_word' id='word_1_267' title='bbox 1068 3206 1162 3264; x_wconf 85' lang='lat' dir='ltr'>animi</span> 
     </span>
     <span class='ocr_line' id='line_1_33' title="bbox 146 3296 1160 3378; baseline -0.008 -17"><span class='ocrx_word' id='word_1_268' title='bbox 146 3301 184 3361; x_wconf 86' lang='lat' dir='ltr'>ad</span> <span class='ocrx_word' id='word_1_269' title='bbox 214 3302 335 3378; x_wconf 87' lang='lat' dir='ltr'>portum</span> <span class='ocrx_word' id='word_1_270' title='bbox 368 3296 489 3357; x_wconf 82' lang='lat' dir='ltr'>Caietae</span> <span class='ocrx_word' id='word_1_271' title='bbox 521 3299 703 3373; x_wconf 85' lang='lat' dir='ltr'>pervenerit,</span> <span class='ocrx_word' id='word_1_272' title='bbox 739 3300 771 3355; x_wconf 90' lang='lat' dir='ltr'>in</span> <span class='ocrx_word' id='word_1_273' title='bbox 809 3316 868 3372; x_wconf 87' lang='lat' dir='ltr'>quo</span> <span class='ocrx_word' id='word_1_274' title='bbox 905 3297 1025 3355; x_wconf 89' lang='lat' dir='ltr'>fuerant</span> <span class='ocrx_word' id='word_1_275' title='bbox 1060 3313 1160 3354; x_wconf 82' lang='lat' dir='ltr'>naves</span> 
     </span>
    </p>
   </div>
   <div class='ocr_carea' id='block_1_3' title="bbox 143 3448 358 3462">
    <p class='ocr_par' dir='ltr' id='par_1_3' title="bbox 143 3448 358 3462">
     <span class='ocr_line' id='line_1_34' title="bbox 143 3448 358 3462; baseline -0.014 -4"><span class='ocrx_word' id='word_1_276' title='bbox 143 3448 358 3462; x_wconf 81' lang='lat'><em>...-.....-—</em></span> 
     </span>
    </p>
   </div>
   <div class='ocr_carea' id='block_1_4' title="bbox 143 3536 1163 3819">
    <p class='ocr_par' dir='ltr' id='par_1_4' title="bbox 143 3536 1163 3819">
     <span class='ocr_line' id='line_1_35' title="bbox 218 3536 1162 3605; baseline -0.011 -6"><span class='ocrx_word' id='word_1_277' title='bbox 218 3551 373 3599; x_wconf 77' lang='lat' dir='ltr'>icermone</span> <span class='ocrx_word' id='word_1_278' title='bbox 395 3557 448 3593; x_wconf 90' lang='lat' dir='ltr'>om.</span> <span class='ocrx_word' id='word_1_279' title='bbox 469 3540 512 3593; x_wconf 87' lang='lat' dir='ltr'>ed.</span> <span class='ocrx_word' id='word_1_280' title='bbox 600 3543 684 3592; x_wconf 75' lang='lat' dir='ltr'>daut</span> <span class='ocrx_word' id='word_1_281' title='bbox 702 3540 802 3593; x_wconf 78' lang='lat' dir='ltr'>citaret</span> <span class='ocrx_word' id='word_1_282' title='bbox 825 3553 878 3590; x_wconf 86' lang='lat' dir='ltr'>cm.</span> <span class='ocrx_word' id='word_1_283' title='bbox 899 3536 941 3590; x_wconf 90' lang='lat' dir='ltr'>ed.</span> <span class='ocrx_word' id='word_1_284' title='bbox 1034 3541 1162 3605; x_wconf 74' lang='lat' dir='ltr'>lpostea</span> 
     </span>
     <span class='ocr_line' id='line_1_36' title="bbox 146 3607 1163 3685; baseline -0.012 -11"><span class='ocrx_word' id='word_1_285' title='bbox 146 3620 172 3672; x_wconf 94' lang='lat' dir='ltr'><strong>V</strong></span> <span class='ocrx_word' id='word_1_286' title='bbox 191 3618 233 3673; x_wconf 90' lang='lat' dir='ltr'>ed.</span> <span class='ocrx_word' id='word_1_287' title='bbox 250 3622 331 3685; x_wconf 80' lang='lat' dir='ltr'>pocta</span> <span class='ocrx_word' id='word_1_288' title='bbox 348 3629 400 3666; x_wconf 90' lang='lat' dir='ltr'>nos</span> <span class='ocrx_word' id='word_1_289' title='bbox 423 3611 467 3680; x_wconf 88' lang='lat' dir='ltr'>(cf.</span> <span class='ocrx_word' id='word_1_290' title='bbox 490 3612 617 3678; x_wconf 74' lang='lat'>12,154).</span> <span class='ocrx_word' id='word_1_291' title='bbox 717 3616 750 3663; x_wconf 87' lang='lat'>14</span> <span class='ocrx_word' id='word_1_292' title='bbox 769 3611 872 3663; x_wconf 74' lang='lat' dir='ltr'>diruisse</span> <span class='ocrx_word' id='word_1_293' title='bbox 890 3608 915 3662; x_wconf 82' lang='lat' dir='ltr'>V</span> <span class='ocrx_word' id='word_1_294' title='bbox 934 3608 1007 3661; x_wconf 77' lang='lat' dir='ltr'>dixit</span> <span class='ocrx_word' id='word_1_295' title='bbox 1025 3607 1068 3660; x_wconf 87' lang='lat' dir='ltr'>ed.</span> <span class='ocrx_word' id='word_1_296' title='bbox 1088 3608 1163 3662; x_wconf 78' lang='lat' dir='ltr'>dicit</span> 
     </span>
     <span class='ocr_line' id='line_1_37' title="bbox 148 3679 1088 3746; baseline -0.017 0"><span class='ocrx_word' id='word_1_297' title='bbox 148 3708 202 3746; x_wconf 83' lang='lat' dir='ltr'>esee</span> <span class='ocrx_word' id='word_1_298' title='bbox 219 3705 277 3742; x_wconf 83' lang='lat' dir='ltr'>noa.</span> <span class='ocrx_word' id='word_1_299' title='bbox 369 3690 401 3740; x_wconf 84' lang='lat'>16</span> <span class='ocrx_word' id='word_1_300' title='bbox 425 3685 497 3737; x_wconf 78' lang='lat' dir='ltr'>mitti</span> <span class='ocrx_word' id='word_1_301' title='bbox 520 3681 563 3735; x_wconf 85' lang='lat' dir='ltr'>ed.</span> <span class='ocrx_word' id='word_1_302' title='bbox 656 3686 688 3733; x_wconf 75' lang='lat'>22</span> <span class='ocrx_word' id='word_1_303' title='bbox 712 3682 761 3735; x_wconf 82' lang='lat' dir='ltr'>boc</span> <span class='ocrx_word' id='word_1_304' title='bbox 784 3688 823 3734; x_wconf 82' lang='lat' dir='ltr'>cet</span> <span class='ocrx_word' id='word_1_305' title='bbox 840 3682 949 3733; x_wconf 80' lang='lat' dir='ltr'>Aeneae</span> <span class='ocrx_word' id='word_1_306' title='bbox 971 3695 1024 3731; x_wconf 92' lang='lat' dir='ltr'>om.</span> <span class='ocrx_word' id='word_1_307' title='bbox 1045 3679 1088 3733; x_wconf 86' lang='lat' dir='ltr'>ed.</span> 
     </span>
     <span class='ocr_line' id='line_1_38' title="bbox 143 3750 1025 3819; baseline -0.019 1"><span class='ocrx_word' id='word_1_308' title='bbox 143 3769 179 3818; x_wconf 78' lang='lat'>24</span> <span class='ocrx_word' id='word_1_309' title='bbox 198 3763 284 3819; x_wconf 69' lang='lat' dir='ltr'>eccm</span> <span class='ocrx_word' id='word_1_310' title='bbox 301 3758 327 3813; x_wconf 89' lang='lat' dir='ltr'>V</span> <span class='ocrx_word' id='word_1_311' title='bbox 345 3757 434 3811; x_wconf 83' lang='lat' dir='ltr'>cidere</span> <span class='ocrx_word' id='word_1_312' title='bbox 453 3755 495 3808; x_wconf 91' lang='lat' dir='ltr'>ed.</span> <span class='ocrx_word' id='word_1_313' title='bbox 570 3759 603 3806; x_wconf 73' lang='lat'>26</span> <span class='ocrx_word' id='word_1_314' title='bbox 623 3753 744 3807; x_wconf 84' lang='lat' dir='ltr'>accietcc</span> <span class='ocrx_word' id='word_1_315' title='bbox 763 3751 795 3804; x_wconf 89' lang='lat' dir='ltr'>V.</span> <span class='ocrx_word' id='word_1_316' title='bbox 870 3754 903 3803; x_wconf 81' lang='lat'>26</span> <span class='ocrx_word' id='word_1_317' title='bbox 921 3750 964 3802; x_wconf 76' lang='lat' dir='ltr'>all</span> <span class='ocrx_word' id='word_1_318' title='bbox 982 3750 1025 3803; x_wconf 89' lang='lat' dir='ltr'>ed.</span> 
     </span>
    </p>
   </div>
   <div class='ocr_carea' id='block_1_5' title="bbox 0 0 1378 4159">
    <p class='ocr_par' dir='ltr' id='par_1_5' title="bbox 0 0 1378 4159">
     <span class='ocr_line' id='line_1_39' title="bbox 0 0 1378 4159; baseline 0 0"><span class='ocrx_word' id='word_1_319' title='bbox 0 0 1378 4159; x_wconf 95' lang='lat' dir='ltr'> </span> 
     </span>
    </p>
   </div>
  </div>
 </body>
</html>
