2734 4159
574 339 757 394 AENEIDOS
776 340 814 394 VI
1136 340 1200 405 587

182 528 270 572 casus
293 510 407 569 variari
428 510 585 585 potuisset.
632 511 697 568 erat
720 528 837 569 cernere
860 510 948 568 illum
971 510 1091 585 Tityon,
1118 510 1202 590 cuius

182 602 312 659 informe
341 617 447 674 corpus
474 617 582 657 novem
609 600 747 676 iugerum
769 601 901 675 spatium
924 599 1101 675 occupabat:
1133 599 1203 659 huic

183 689 265 748 enim
286 706 342 764 pro
366 687 517 747 sceleratis
541 687 679 747 admissis
703 688 805 747 vultur
823 689 952 747 inmanis
971 688 1125 764 adpositus
1144 688 1203 748 fuit

184 778 308 857 granffis
336 780 367 835 et
394 796 500 836 saevus
527 780 636 835 natura
664 779 695 835 et
722 776 896 852 inexplebili
922 779 1043 843 ventre.
1072 780 1203 837 rostrum

154 867 298 930 cbabens
322 866 480 940 obuncum,
498 870 604 942 aptum
623 866 738 924 scilicet
756 865 794 923 ad
812 864 967 924 inferenda
985 866 1066 924 mala
1085 869 1115 925 et
1134 884 1202 925 con-

184 954 336 1017 sumendis
358 955 522 1015 visceribus
541 957 734 1030 conpetenter
752 957 909 1014 armatum.
945 956 993 1013 cui
1011 975 1047 1012 ne
1067 954 1203 1015 deessent

183 1045 318 1104 membra
343 1062 419 1119 quae
442 1063 558 1118 semper
580 1043 723 1118 inprobus
742 1046 865 1119 peteret,
884 1045 982 1103 carnis
1000 1043 1201 1104 inmortalitas

182 1152 246 1193 non
268 1132 379 1208 deerat,
402 1152 462 1191 non
485 1151 543 1207 quo
566 1131 717 1207 reparatio
738 1132 885 1191 viscerum
904 1133 1024 1191 domino
1043 1134 1202 1209 profutura

183 1224 366 1298 suppeteret,
389 1221 441 1280 sed
464 1223 594 1280 sarciens
618 1220 797 1279 detrimenta
821 1240 896 1296 quae
920 1222 1023 1280 vultur
1049 1222 1201 1297 intulerat,

140 1333 170 1372 ro
182 1332 222 1370 ne
240 1329 338 1387 poena
356 1310 577 1385 conquiesceret
595 1310 727 1385 corporis
746 1309 900 1369 deficiente
919 1310 1096 1372 substantia.
1131 1314 1202 1385 quid

181 1418 338 1459 menmem
373 1399 533 1472 ruputas,
568 1400 679 1458 Ixiona
715 1399 951 1472 Pirithoumque?
1005 1417 1076 1474 quos
1113 1418 1202 1474 super

183 1493 252 1549 atra
279 1490 352 1548 siloe
377 1489 500 1547 tamum
529 1490 653 1560 lapsura
684 1489 853 1561 cedentique
884 1490 1006 1548 inminet
1037 1490 1201 1548 adsimiles?

183 1597 278 1656 genus
302 1580 348 1637 est
369 1579 514 1636 transitus
537 1596 591 1652 per
615 1576 813 1650 omissionem,
833 1578 913 1653 quod
935 1576 1046 1637 idcirco
1069 1580 1201 1653 ponitur,

183 1688 220 1728 ne
244 1665 430 1727 continuatio
453 1665 634 1725 narrationis
657 1666 818 1726 horrescat.
855 1686 926 1744 ergo
949 1669 994 1725 ait
1017 1666 1089 1743 quid
1111 1666 1201 1744 Lapi-

139 1777 167 1818 ιε
183 1757 252 1816 thas
280 1774 454 1828 memorem,
482 1774 573 1832 supra
600 1774 674 1830 quos
701 1756 832 1830 pendens
861 1774 965 1815 saxum
992 1758 1110 1814 ruinam
1133 1776 1201 1831 pro·

184 1846 281 1905 mittit
304 1862 358 1903 nec
380 1847 481 1903 tamen
505 1845 595 1917 cadit,
614 1846 648 1901 ut
670 1848 815 1920 perpetuo
837 1849 920 1903 metu
944 1844 1077 1904 subiecta
1100 1846 1201 1904 noxio-

183 1955 251 1994 rum
283 1951 366 1992 mens
402 1932 514 2012 iugiter
550 1935 760 1992 concremetur.
811 1934 908 1992 luceat
936 1935 1100 2007 peutolibus
1132 1934 1202 1993 ultis

183 2041 278 2083 aureo
308 2024 407 2096 fulcra
439 2025 510 2082 louis
542 2023 699 2095 epulaeque
730 2027 797 2081 aute
828 2040 882 2082 ore
910 2027 1040 2096 paratae
1076 2024 1191 2097 repifieo
1202 2026 1236 2075 60

183 2114 273 2171 lucu:
296 2114 326 2170 et
348 2113 431 2171 torus
453 2110 575 2188 regifico
598 2112 672 2169 luxu
695 2112 794 2171 fuerat
817 2115 940 2188 paratus
954 2114 995 2171 et
1016 2114 1200 2187 praepositio

137 2223 170 2263 ao
183 2202 351 2278 epularum,
374 2219 434 2259 non
457 2200 528 2276 quia
551 2201 598 2259 his
621 2202 668 2259 uti
691 2203 870 2274 meruerant,
890 2201 940 2259 sed
959 2203 994 2258 ut
1012 2201 1049 2260 ab
1068 2201 1115 2260 his
1133 2220 1200 2276 pro-

182 2290 275 2350 hibiti
293 2290 474 2349 cruciatibus
492 2288 631 2349 maximis
650 2288 854 2349 adficerentur.
886 2290 1052 2349 Furiarum
1070 2293 1202 2349 melma

181 2382 268 2439 iuria
291 2380 413 2439 occubat
435 2382 462 2437 et
482 2380 620 2438 monibus
638 2380 773 2452 probibet
794 2381 956 2451 coutiopere
977 2396 1094 2438 meuses
1116 2396 1200 2438 ecur-

181 2470 279 2543 9itque
304 2470 399 2541 focem
426 2468 559 2527 atoVeus
585 2471 671 2540 etque
698 2470 812 2526 iutouet
833 2485 897 2525 ore:
928 2467 1056 2543 denique
1078 2468 1126 2526 his
1150 2467 1201 2525 ad·

182 2559 284 2633 posita
316 2558 414 2616 fuerat
444 2558 576 2615 maxima
603 2557 776 2634 liniarum,
792 2555 794 2559 ’
809 2576 885 2632 quae
918 2574 966 2615 eos
995 2576 1054 2615 non
1081 2559 1201 2616 tantum

141 2667 169 2707 ss
183 2645 357 2722 prohiberet
380 2646 417 2704 ab
440 2646 546 2721 epulis,
569 2645 620 2705 sed
640 2645 721 2721 ipsas
740 2664 858 2722 quoque
877 2664 994 2705 mensas
1013 2665 1072 2704 non
1091 2648 1201 2705 sineret

184 2736 233 2794 vel
255 2734 394 2794 manibus
416 2737 549 2812 tangere,
572 2753 717 2812 exurgens
738 2734 829 2793 etiam
848 2753 919 2794 voce
938 2753 1048 2812 magna
1065 2734 1201 2810 perinde-

186 2844 243 2900 que
265 2823 394 2883 terribili
416 2826 506 2899 atque
518 2868 1109 2883 ............................
1120 2824 1200 2883 vocis

185 2933 277 2997 opera
298 2912 531 2989 prohibitionem
554 2913 651 2989 ipsam
674 2913 870 2971 confirmaret.
916 2914 963 2971 lc'o
985 2915 1090 2986 quibus
1113 2915 1201 2972 inuisi

184 3005 306 3077 fratres,
331 3004 402 3061 dum
423 3005 482 3060 utta
505 3003 655 3071 mouebat,
672 3004 846 3075 pulsatusve
863 3020 976 3076 pareus
999 3007 1026 3060 et
1047 3004 1134 3074 fraus
1156 3004 1201 3060 ia-

256 3163 272 3209 3
291 3157 428 3211 soleatis
445 3156 555 3209 amisus
567 3155 593 3207 V
606 3155 750 3209 sceleribus
768 3156 896 3210 adcrescis
915 3155 957 3209 ed.
975 3159 978 3221 l
995 3155 1052 3221 fuit
1065 3153 1091 3207 V
1108 3154 1202 3220 fuerat

183 3228 228 3282 ed.
287 3228 494 3295 biufcreudum
513 3227 588 3279 mala
605 3226 631 3280 V
650 3224 693 3279 ed.
753 3228 895 3281 terricus
912 3226 946 3280 V.
1007 3231 1039 3278 10
1059 3242 1093 3278 ue
1111 3224 1201 3278 om.V

183 3316 254 3353 corr.
269 3299 312 3353 ed.
330 3299 334 3367 l
354 3300 513 3366 corporiset
528 3297 554 3351 V
572 3303 597 3351 et
616 3296 725 3350 deled.
791 3301 822 3349 11
838 3299 965 3367 laphytos
978 3297 1011 3351 V.
1078 3302 1110 3350 16
1129 3302 1201 3350 metu

183 3369 211 3422 V
229 3370 313 3422 metui
331 3368 373 3422 ed.
391 3369 396 3435 Ι
415 3384 547 3421 ueeorum
566 3368 610 3420 ed.
671 3373 703 3420 17
723 3374 905 3421 eoumemetur
922 3367 949 3421 V
966 3370 1102 3423 creuere
1121 3367 1164 3421 ed.

183 3447 217 3494 21
238 3441 410 3506 afficeremur
428 3438 454 3492 V
472 3454 540 3491 corr.
556 3438 599 3492 ed.
673 3444 707 3491 22
724 3439 829 3507 presbit
847 3438 880 3492 V.
906 3438 910 3509 Ι
936 3455 1084 3509 ecsurpeus
1103 3440 1200 3492 contra

182 3513 305 3566 metrum
322 3510 349 3564 V
367 3526 400 3563 ex
418 3510 534 3578 interpr.
553 3508 675 3578 irrepsit.
754 3514 787 3561 27
809 3510 927 3564 terrebile
945 3509 978 3563 V.
1004 3510 1008 3581 Ι
1037 3512 1103 3579 post
1121 3517 1201 3579 utque

182 3582 295 3650 reliqua
312 3597 377 3650 pare
395 3598 490 3637 versus
509 3582 603 3646 vacat,
628 3596 714 3649 quam
732 3580 829 3649 inepte
848 3580 972 3649 explevit
994 3581 1051 3635 ed.:
1081 3582 1116 3635 dc
1138 3581 1201 3635 face

183 3653 295 3723 aliquid
314 3652 421 3707 dictum
438 3653 525 3706 fuisse
544 3652 703 3721 putandum
722 3654 772 3705 est.
828 3657 862 3705 28
881 3653 970 3719 ipsam
989 3668 1040 3706 ceu
1058 3654 1158 3722 quibus
1175 3651 1201 3705 V

183 3726 307 3792 firruuret
323 3725 368 3779 lu'e
386 3723 521 3794 supplevi.
