2734 4159
568 339 751 395 AENEIDOS
770 340 809 394 Vl
1131 340 1196 405 619

181 528 291 570 ancora
318 509 353 570 de
374 528 471 583 prora
497 511 617 578 iacitur,
648 512 727 568 steni
757 510 840 568 litore
866 528 997 584 puppes:
1032 510 1089 567 hee
1117 509 1197 568 enim
1236 575 1241 582 ,

180 600 243 658 illie
271 600 393 659 stabant
420 600 554 657 munitae
581 600 711 673 anceriS,
740 598 853 674 duplici
875 600 989 659 seilicet
1011 600 1128 658 ratione
1152 618 1196 658 se·

175 699 281 763 eume,
309 690 358 748 vel
386 688 465 764 qued
492 688 728 746 muniebaihas
755 691 860 763 peius
888 688 936 747 vel
964 688 1043 765 qued
1067 688 1196 765 pondere

180 779 365 837 tenebantur.
415 780 536 854 portum
569 776 689 836 Caietae
722 796 758 835 ex
789 795 915 853 persone
946 779 1053 853 poetae
1089 778 1196 837 melius

154 867 358 943 eaeeipimus3
381 867 498 926 Aeneas
521 868 601 925 enim
624 866 757 925 nondum
777 867 843 925 loeo
861 868 920 942 ipsi
939 866 1062 927 dederat
1080 886 1195 927 nomen.

254 1078 268 1125 1
284 1089 374 1141 pupes
391 1072 424 1125 V.
447 1076 451 1142 Ι
475 1074 541 1127 haee
559 1072 591 1126 V.
665 1077 680 1125 2
701 1072 821 1140 duplicis
840 1073 901 1128 licei
919 1073 951 1127 V.
973 1104 1006 1112 -
1026 1072 1196 1141 subscriptio

180 1143 278 1212 plene:
301 1144 394 1198 Tiberi
409 1144 510 1199 Claudi
523 1144 633 1198 Donati
651 1144 689 1197 ad
711 1144 849 1198 Tiberium
869 1145 1017 1199 Claudium
1037 1145 1197 1199 Maoeimum

180 1216 375 1269 Donatianum
392 1216 482 1282 filium
494 1232 575 1269 suum
589 1216 844 1284 interpretationum
860 1217 1084 1286 Veryiiiaearwm
1097 1216 1195 1271 Aenei-

181 1288 230 1340 dos
249 1287 316 1341 iiber
330 1287 375 1340 VI
389 1287 501 1356 explicit
519 1287 618 1354 incipit
636 1288 704 1341 iiber
721 1288 785 1341 VII.

573 2660 807 2740 Corrigenda:

330 2814 357 2865 p.
373 2800 389 2848 8
408 2814 435 2851 n.
452 2802 485 2850 18
504 2798 569 2865 posi
586 2796 762 2867 Laviniaque
780 2796 871 2851 insere
891 2799 930 2866 (ei
948 2797 1041 2867 infre).

330 2885 357 2936 p.
373 2873 407 2922 42
426 2886 454 2921 n.
470 2872 503 2920 10
521 2867 585 2937 lege
604 2874 699 2936 aequet
716 2886 766 2937 pro
785 2875 907 2937 aequent.
959 2907 963 2912 -

330 2957 358 3007 p.
374 2943 434 3005 653
453 2938 516 3008 lege
535 2956 605 3007 opus
624 2956 675 3008 pro
691 2956 770 3009 opes.

331 3029 357 3079 p.
374 3014 453 3076 431‚8
473 3009 536 3064 dele
555 3053 562 3077 ‚
581 3015 647 3065 anie
667 3027 701 3065 ex
720 3029 783 3081 quo.
