2734 4159
579 350 764 407 AENEIDOS
781 351 820 405 Vl
1147 349 1213 414 575

194 524 345 597 queretur.
396 540 566 597 supremam
594 519 683 596 dixit,
717 521 789 595 quia
816 521 884 596 ipsa
914 521 1061 579 conclusit
1090 518 1214 578 exitium

193 610 304 672 Troiae
328 611 358 669 et
375 610 494 669 Iliensis
517 610 645 686 imperii.
692 609 808 669 addidit
831 608 927 668 eliud:
951 628 1018 668 oum
1041 608 1213 687 gauderent,

194 699 309 776 inquit,
339 718 441 759 omnes
469 701 500 757 et
529 718 584 777 ego
612 717 680 759 cum
704 697 854 775 omnibus,
888 716 946 773 quo
974 701 1108 773 tempore
1135 698 1214 756 inter

195 787 308 869 gaudia
331 788 409 847 nihil
432 791 602 864 speraretur
621 787 747 847 adversi.
788 787 879 846 rediit
897 787 936 846 ad
954 788 1053 865 signa:
1078 804 1143 845 eum
1156 789 1203 860 fu»
1213 790 1252 841 51⁴

164 878 266 939 stolis
288 895 381 952 equus
401 879 480 936 suu
506 895 596 951 super
622 877 722 937 audace
744 880 823 937 veuit
843 878 990 951 Perpetua
1018 880 1044 934 et
1066 880 1214 935 armatum

193 966 320 1042 peditem
339 970 443 1043 pravis
465 966 563 1026 attulit
584 967 666 1025 aloc:
694 984 760 1026 ecce
783 965 934 1044 siguificat
955 969 1087 1042 tempus,
1111 964 1213 1022 memi-

193 1056 279 1129 nisti,
300 1057 415 1132 inquit,
443 1057 539 1115 noctis
562 1056 658 1129 illius,
689 1056 830 1131 quoniam
860 1055 942 1114 mala
970 1057 1004 1113 in
1032 1054 1214 1113 oblivionem

193 1144 298 1206 venire
319 1164 380 1204 uon
402 1148 541 1221 possunt,
569 1149 641 1204 tunc
669 1162 738 1203 cum
765 1163 858 1220 equus
885 1145 937 1203 illc
964 1145 1104 1202 ultimum
1127 1142 1213 1202 uobis

194 1238 228 1294 et
250 1236 368 1311 patriae
389 1234 546 1294 interitum
569 1234 660 1293 ferret
683 1237 713 1292 et
736 1237 854 1293 nostras
877 1232 1034 1292 duceretur
1055 1235 1088 1290 in
1110 1235 1213 1307 portas

151 1345 180 1385 ro
195 1342 233 1383 ac
246 1322 333 1383 nobis
346 1324 424 1382 nihil
438 1323 555 1382 adversi
569 1322 792 1400 suspicantibus
806 1324 929 1382 inimica
943 1322 1108 1400 gratulatio
1128 1323 1213 1381 esset.

193 1412 252 1473 uta
282 1413 402 1472 clioruu
428 1412 587 1481 amulcus,
619 1412 676 1472 hoc
706 1414 752 1471 est
782 1431 967 1471 communem
1000 1429 1031 1470 se
1061 1410 1215 1470 uobiscum

196 1502 433 1581 gratulationem
463 1500 572 1560 habere
605 1500 790 1578 confingens,
826 1503 960 1561 euhuutie
991 1503 1075 1575 uoto
1106 1502 1215 1559 eircuuu

195 1592 320 1652 ducebat
346 1590 504 1666 Pereprus,
534 1592 688 1663 flammam
714 1592 812 1650 medic
838 1592 906 1664 apsa
933 1590 1046 1650 teuebot
1071 1591 1215 1664 iupeutem

197 1685 371 1746 etsuumru
402 1680 527 1738 Danaos
560 1698 595 1739 eu
626 1696 693 1739 arce
724 1680 860 1739 uocabat:
892 1678 930 1737 ad
961 1678 1214 1754 pulchritudinem

150 1788 179 1832 ιι
195 1769 337 1829 mulieres
361 1767 508 1848 Phrygias
536 1772 566 1828 et
593 1769 699 1829 ludum
726 1768 838 1847 fingere
862 1813 1068 1828 ..........
1093 1765 1214 1827 Graecis

196 1878 213 1919 e
241 1876 357 1918 summo
386 1857 482 1917 facem
513 1877 604 1933 quam
634 1857 757 1918 tenebat
788 1852 982 1936 'sordentem
1038 1875 1092 1915 neo
1124 1876 1215 1932 supra

194 1967 305 2007 nomen
329 1948 393 2006 eius
415 1950 539 2024 propter
561 1947 663 2006 odium
691 1948 818 2006 nimium
845 1947 922 2005 dixit
948 1966 1045 2022 neque
1071 1947 1121 2004 hio
1149 1964 1215 2005 eam

194 2038 379 2110 nominavit,
408 2039 444 2095 ut
466 2036 613 2095 Helenam
635 2037 760 2111 diceret,
789 2036 841 2096 sed
869 2035 945 2096 dixit
966 2036 1030 2109 illa,
1058 2036 1135 2093 dixit
1156 2033 1215 2093 La·

196 2144 316 2186 caenae.
361 2129 423 2183 tum
444 2143 490 2184 me
513 2128 672 2200 confectum
700 2128 779 2185 euris
805 2142 960 2199 somnoque
980 2128 1139 2199 grauatum
1160 2125 1250 2184 iuda

148 2235 182 2276 so
194 2216 270 2289 felia
300 2215 403 2273 tabuit
428 2213 576 2273 dulcetus
607 2218 773 2289 pressitque
800 2217 940 2275 urentem
971 2214 1066 2273 dulcis
1098 2216 1125 2272 et
1154 2212 1216 2272 utto

195 2306 279 2378 quiea
296 2304 491 2377 placidaeque
513 2306 664 2363 simillimo
686 2307 787 2363 morti·
819 2322 886 2362 oum
913 2322 974 2376 me,
1001 2302 1115 2378 iuquit,
1144 2320 1216 2361 cura

195 2395 230 2452 et
251 2392 393 2469 fatigatio
417 2395 550 2468 corporis
572 2396 749 2469 tempusque
768 2393 901 2451 duxisset
922 2394 954 2450 in
977 2410 1123 2466 somnum,
1146 2410 1215 2468 ago·

196 2480 268 2540 bem
290 2484 323 2540 in
346 2481 482 2541 cubiculo
501 2500 567 2540 meo
586 2484 617 2540 et
634 2481 739 2540 infelix
757 2482 908 2540 thalamus
926 2481 1049 2539 tenebat
1068 2480 1215 2541 dormien-

196 2574 267 2631 tem.
303 2570 378 2630 bene
395 2571 547 2630 infelicem
564 2570 730 2629 thalamum
751 2571 835 2644 dixit,
858 2589 917 2646 quo
936 2570 1016 2629 malo
1039 2571 1103 2629 fato
1122 2570 1215 2629 talem

154 2680 182 2722 rs
196 2659 358 2725 induxerat
379 2679 501 2719 uxorem
525 2660 573 2719 vel
595 2661 628 2718 in
647 2678 706 2734 quo
730 2662 776 2719 tot
799 2660 947 2735 supplicia
965 2660 1099 2736 pertulit.
1140 2652 1214 2718 haec

197 2749 280 2809 facta
299 2752 378 2823 sunt,
400 2749 508 2825 inquit,
532 2768 599 2808 cum
618 2769 664 2806 me
684 2750 748 2808 alta
767 2750 852 2825 quies
871 2751 1017 2807 tenuisset
1040 2751 1071 2807 et
1087 2751 1216 2808 iacerem

197 2859 252 2915 pro
266 2841 393 2898 mortuo.
422 2840 544 2917 gravius
559 2837 687 2898 dormire
703 2838 934 2915 cogitationibus
948 2838 1059 2898 fractos
1079 2840 1110 2896 et
1127 2838 1217 2896 aesti-

271 3027 469 3094 4sperubutur
488 3027 531 3080 ed.
615 3027 784 3080 'lobiiuu‘oue
802 3025 828 3077 V
846 3043 914 3080 corr.
930 3026 972 3080 ed.
1059 3025 1174 3079 Suebis
1190 3025 1216 3078 V

198 3098 268 3152 mulii
286 3098 351 3151 edF.
444 3103 477 3149 12
501 3106 613 3151 euuules
635 3097 678 3151 ed.
772 3103 804 3149 13
824 3098 957 3167 iupeuteuc
976 3096 1001 3149 V
1020 3096 1076 3151 ed:
1104 3096 1216 3166 Heyne-

197 3169 325 3238 Wagner
343 3171 389 3237 (ex
406 3168 651 3237 interpretatione)
669 3168 814 3221 Donatum
832 3169 971 3224 urdeuteuu
988 3168 1083 3238 legere
1102 3168 1151 3235 ait,
1166 3167 1216 3221 aed

198 3241 263 3294 vide
282 3239 358 3308 quod
376 3238 451 3293 infra
470 3239 611 3293 adnotavi.
687 3245 720 3293 15
739 3240 863 3294 mulieris
881 3240 925 3295 ed.
942 3243 946 3310 Ι
962 3241 1064 3310 sciptae
1082 3239 1107 3292 V
1126 3240 1214 3308 Phry-

197 3313 261 3395 pias
274 3312 342 3365 dicit
356 3310 399 3364 ed.
417 3313 420 3380 Ι
437 3312 502 3393 poet
514 3311 615 3381 fiupere
635 3311 732 3364 decem
750 3310 809 3364 fere
822 3310 982 3364 litterarum
997 3310 1119 3379 epatium
1133 3312 1217 3364 vacat

197 3401 229 3437 m
246 3383 272 3437 V
291 3381 411 3437 fortasse
430 3399 471 3436 a1c
489 3382 671 3451 expleudum:
690 3399 750 3437 euru
768 3384 842 3436 dixit
859 3389 897 3436 ut.
915 3385 919 3451 Ι
939 3384 1045 3453 praecis
1058 3381 1084 3435 V
1104 3382 1218 3436 Graecis

197 3455 301 3510 vocatis
320 3454 371 3536 ed.¹
425 3460 458 3507 16
477 3472 490 3508 e
507 3471 612 3508 summo
630 3453 656 3507 V
675 3471 689 3507 e
706 3470 727 3507 s.
743 3454 816 3537 arcis
833 3453 876 3507 ed.
894 3456 897 3523 Ι
917 3455 1005 3520 facem
1022 3453 1049 3507 V
1066 3455 1127 3520 fuce
1145 3453 1188 3506 ed.
1210 3452 1213 3525 l

197 3526 306 3581 tenebat
320 3524 345 3577 V
359 3542 422 3594 apsa
436 3530 454 3580 t.
470 3525 513 3579 ed.
530 3527 535 3594 Ι
551 3527 691 3580 ardentem
704 3524 787 3607 Ved.
803 3542 833 3577 m
847 3526 996 3580 ostenderet
1010 3524 1217 3578 emendandum

197 3596 776 3739 {eleuttttttlull0‘02ltt3r
791 3601 876 3737 qudi
889 3595 1217 3722 dffltlultttv

197 3740 323 3795 duxisset
341 3739 383 3792 ed.
449 3744 481 3793 at
503 3737 621 3793 dormire
638 3739 665 3793 V
684 3756 752 3794 -reuc
771 3739 836 3809 ed!
858 3740 965 3807 fruetus
984 3738 1066 3795 Ved.
1087 3745 1139 3794 -tos
1157 3755 1217 3793 nos.
