2734 4159
570 333 777 392 PRAEFATIO
1121 334 1182 389 XLI

163 510 193 568 et
220 505 329 567 inutile
352 523 426 582 opus
449 506 555 563 fuisset
578 507 609 566 et
630 522 685 563 suo
707 506 772 563 iure
795 504 959 580 bibliopola
982 504 1180 567 reclamasset.

161 596 278 658 leviora
304 593 399 672 igitur
426 607 493 653 cum
521 594 582 653 alia
608 596 673 653 tum
702 612 778 669 quae
801 593 840 653 ad
861 597 941 654 recte
964 593 1113 653 scribendi
1134 613 1181 652 ra-

147 685 275 748 ¹tionem
293 684 446 760 pertinent
463 684 605 759 pleraque
624 683 821 758 praetermisi,
836 685 867 742 in
886 682 1075 761 gravioribus
1093 683 1181 743 rebus

162 792 313 849 nusquam
336 792 355 832 a
377 772 511 834 codicum
540 774 720 832 auctoritate
750 771 871 833 discessi
898 773 958 832 nisi
986 771 1180 833 adnotatione

161 863 288 921 adiecta
336 861 570 936 emendationes,
601 880 679 937 quae
713 860 833 937 quidem
864 861 940 920 mibi
972 864 1070 921 certae
1100 862 1180 921 vide·

161 956 279 1027 rentur,
307 953 340 1010 in
363 954 478 1010 textum
499 952 614 1026 recepi,
637 950 713 1010 alias
736 967 805 1009 cum
827 950 1071 1027 interrogationis
1094 952 1180 1028 signo

160 1043 193 1099 in
221 1042 372 1117 apparatu
404 1040 564 1115 adscripsi,
595 1041 627 1098 in
659 1038 912 1115 desperationibus
944 1038 1018 1099 loeis
1050 1039 1181 1101 traditae

160 1130 285 1194 lectioni
315 1148 431 1189 crucem
459 1130 594 1205 apposui
639 1130 672 1187 in
699 1128 921 1188 scribendorum
949 1127 1104 1187 verborum
1133 1147 1181 1188 ra·

160 1218 243 1284 tione
271 1236 339 1283 eum
366 1218 458 1277 libros
486 1236 541 1277 nec
568 1218 703 1295 singulos
732 1217 789 1277 sibi
812 1237 866 1277 nec
888 1220 967 1276 inter
990 1234 1021 1276 se
1045 1221 1180 1277 constare

159 1307 376 1385 intellegerem,
396 1309 628 1383 frequentiorem
651 1308 871 1381 auctoritatem,
884 1306 1026 1366 Vaticani
1044 1307 1198 1380 maxime,

159 1399 281 1456 secutus
308 1414 382 1456 eum.
427 1399 547 1471 itaque,
574 1399 609 1454 ut
636 1395 887 1472 exemplis'utar,
914 1414 982 1455 cum
1009 1397 1181 1472 genetivum

158 1484 241 1560 ,11111ι
270 1485 359 1562 longe
386 1486 524 1561 plurimis
547 1485 635 1557 locis,
661 1486 864 1545 accusativum
886 1485 1034 1560 pluralem
1058 1483 1180 1545 adiecti·

160 1594 281 1649 vorum,
310 1574 363 1633 ubi
389 1574 473 1649 licet,
500 1574 676 1650 plerumque
703 1576 735 1632 in
763 1572 824 1648 „is“
852 1574 1034 1634 desinentem
1062 1564 1180 1654 (quam-

160 1683 255 1739 quam
276 1663 413 1723 Donatus
441 1664 505 1740 ipse
535 1667 565 1722 et
588 1662 649 1738 „ie“
673 1666 704 1722 et
726 1661 793 1737 „es“
817 1664 975 1722 admittere
1000 1663 1120 1721 videtur
1143 1664 1179 1722 of.

160 1754 197 1827 9,
216 1753 281 1811 528
310 1755 340 1812 et
370 1755 425 1826 11,
445 1754 509 1811 534
538 1771 604 1812 cum
635 1755 690 1825 11,
710 1744 804 1831 258),
836 1753 1072 1828 praepositiones
1105 1751 1180 1827 „ad“

158 1844 232 1901 ante
254 1861 274 1917 p
302 1842 335 1899 in
363 1840 452 1900 verbo
477 1841 668 1917 appellandi,
695 1840 788 1916 „con“
811 1845 881 1900 ante
904 1862 935 1899 m
963 1843 993 1900 et
1016 1844 1085 1904 ante
1109 1842 1121 1898 1
1148 1843 1179 1900 in

158 1930 251 1990 verbo
274 1930 436 2008 colligendi
458 1948 574 2006 semper
597 1930 787 1990 assimulatas
810 1932 988 2005 invenerim,
1012 1931 1179 1990 111111111-

157 2020 259 2080 nenda
281 2021 402 2096 111111,
425 2019 457 2077 in
481 2019 548 2078 aliis
571 2038 632 2078 non
655 2018 849 2078 assimulandi
873 2020 1073 2079 constantiam
1094 2038 1178 2095 prae·

159 2110 218 2167 tuli
245 2112 369 2185 propter
396 2109 603 2183 frequentiam.
649 2107 798 2167 Aeneidos
824 2128 963 2168 versuum
986 2126 1123 2167 numeros
1146 2110 1179 2166 in

158 2199 297 2275 margine
319 2198 468 2257 lemmatis
493 2196 652 2271 adscripsi3
684 2198 749 2271 sed,
774 2200 844 2273 quia
867 2197 1003 2257 Donatus
1027 2216 1087 2256 non
1109 2216 1178 2257 raro

157 2290 214 2345 aut
235 2288 515 2365 interpretationem
537 2286 673 2344 lemmati
697 2288 855 2362 praeponit
874 2288 927 2344 sut
945 2304 1021 2361 quae
1040 2304 1093 2345 suo
1112 2286 1178 2346 loeo

157 2376 215 2435 vel>
231 2378 389 2451 praeteriit
411 2376 460 2434 111
482 2376 589 2434 leviter
612 2376 715 2451 tetigit
737 2377 863 2435 inferius
883 2376 995 2450 repetit
1013 2377 1043 2433 et
1061 2376 1178 2450 plenius

156 2467 274 2523 tractat
301 2468 354 2524 aut
380 2465 493 2525 multos
521 2482 623 2524 versus
650 2483 710 2523 uno
738 2465 878 2523 lemmate
907 2464 1115 2539 complectitur
1144 2468 1178 2523 ut

157 2555 289 2613 maxime
318 2556 351 2612 in
379 2555 488 2630 primo,
521 2572 581 2612 uno
609 2555 711 2612 autem
738 2554 803 2613 loco
832 2556 861 2628 4,
883 2556 943 2611 llll
974 2553 1083 2613 lemma
1111 2573 1179 2613 eum

157 2644 409 2718 interpretatione
432 2663 486 2719 per
508 2642 705 2719 hyperbaton,
733 2645 768 2700 ut
790 2644 843 2716 ait,
871 2642 999 2702 divisum
1023 2642 1178 2718 anticipat,

156 2733 262 2807 aliqua
290 2732 457 2808 reperiendi
479 2732 617 2791 molestia
645 2750 870 2806 nonnumquam
897 2734 994 2805 extat,
1023 2732 1177 2807 111111111-

155 2823 265 2899 fugere
293 2822 375 2880 nullo
402 2821 489 2881 modo
520 2823 616 2896 potui.
661 2821 820 2879 lectionem
848 2820 1178 2880 Flavio-Fabricianam

158 2911 282 2969 mallem
318 2910 437 2969 omnino
473 2912 637 2985 praeterire
668 2911 847 2985 potuissem,
884 2910 936 2969 sed
972 2912 1043 2985 quia
1074 2929 1177 2969 veren-

155 3000 233 3058 dnm
259 3001 324 3063 crat
350 3018 388 3058 111
415 3001 481 3075 quis
510 3002 564 3057 aut
591 2999 695 3059 eadem
723 3003 776 3057 1111
802 3000 927 3058 meliora
958 2999 991 3058 in
1021 3017 1056 3057 11
1083 2999 1176 3057 111111

154 3090 362 3164 suspicaretur
389 3091 420 3146 et
446 3107 515 3165 ego,
547 3088 574 3147 si
600 3091 744 3162 tacerem,
777 3088 923 3147 editorum
956 3087 1095 3147 laudibus
1127 3088 1177 3145 ob-

157 3180 288 3235 trectare
314 3178 443 3251 viderer,
470 3176 613 3235 dilectum
635 3177 729 3236 habui
751 3178 810 3250 ita,
837 3182 872 3235 ut
895 3178 1005 3237 omissa
1028 3179 1058 3234 et
1085 3178 1177 3234 inter-

156 3267 264 3341 polata
287 3267 429 3341 pleraque
453 3265 637 3340 adnotarem,
654 3270 812 3342 praeterea
835 3286 871 3324 11
894 3268 1012 3325 tantum
1034 3284 1109 3340 quae
1128 3265 1177 3323 vel

156 3356 294 3414 utilitate
317 3358 348 3413 et
366 3355 525 3432 prudentia
544 3355 592 3413 vel
611 3358 747 3414 vanitate
766 3359 796 3415 et
814 3357 984 3414 temeritate
1004 3356 1175 3413 eminerent.

158 3446 309 3503 mutatum
336 3444 492 3503 verborum
520 3443 667 3518 ordinem,
696 3445 754 3503 nisi
783 3444 821 3502 ad
848 3444 1033 3503 intellectum
1056 3445 1176 3518 faceret,

159 3536 190 3591 et
218 3534 279 3592 alia
305 3533 420 3592 leviora
446 3552 507 3592 non
533 3532 639 3608 recepi.
686 3535 837 3593 oneratior
864 3534 944 3591 enim
967 3533 1102 3594 Donatus
1132 3535 1177 3591 est

158 3642 250 3697 quam
269 3623 444 3685 utasaburra
462 3624 558 3699 egeat.
593 3622 682 3680 multi
702 3622 842 3686 editionis
857 3640 973 3682 errores
986 3621 1189 3680 distinctione

155 3711 294 3769 adhibita
324 3714 522 3771 consentanea
551 3730 610 3790 pro
638 3712 775 3777 absurda
804 3715 923 3796 corrigi
948 3711 1136 3791 potuerunt.
1162 3732 1214 3746 --
