<?xml version="1.0" encoding="UTF-8"?>
<!DOCTYPE html PUBLIC "-//W3C//DTD XHTML 1.0 Transitional//EN"
    "http://www.w3.org/TR/xhtml1/DTD/xhtml1-transitional.dtd">
<html xmlns="http://www.w3.org/1999/xhtml" xml:lang="en" lang="en">
 <head>
  <title>
</title>
<meta http-equiv="Content-Type" content="text/html;charset=utf-8" />
  <meta name='ocr-system' content='tesseract 3.04.00' />
  <meta name='ocr-capabilities' content='ocr_page ocr_carea ocr_par ocr_line ocrx_word'/>
</head>
<body>
  <div class='ocr_page' id='page_1' title='image "./tibericlaudidon02georgoog_0586.png"; bbox 0 0 2734 4159; ppageno 0'>
   <div class='ocr_carea' id='block_1_1' title="bbox 455 354 1197 431">
    <p class='ocr_par' dir='ltr' id='par_1_1' title="bbox 455 354 1197 431">
     <span class='ocr_line' id='line_1_1' title="bbox 455 354 1197 431; baseline 0 -24"><span class='ocrx_word' id='word_1_1' title='bbox 455 426 456 431; x_wconf 9' lang='grc' dir='ltr'><strong>Ἰ</strong></span> <span class='ocrx_word' id='word_1_2' title='bbox 572 354 756 409; x_wconf 79' lang='lat' dir='ltr'>AENEIDOS</span> <span class='ocrx_word' id='word_1_3' title='bbox 774 354 800 407; x_wconf 82' lang='lat' dir='ltr'><strong>V</strong></span> <span class='ocrx_word' id='word_1_4' title='bbox 1131 354 1197 419; x_wconf 72' lang='grc'>525</span> 
     </span>
    </p>
   </div>
   <div class='ocr_carea' id='block_1_2' title="bbox 137 522 1251 2917">
    <p class='ocr_par' dir='ltr' id='par_1_2' title="bbox 139 522 1251 2917">
     <span class='ocr_line' id='line_1_2' title="bbox 179 522 1197 599; baseline 0.002 -20"><span class='ocrx_word' id='word_1_5' title='bbox 179 524 264 581; x_wconf 81' lang='lat' dir='ltr'>navis</span> <span class='ocrx_word' id='word_1_6' title='bbox 293 522 418 597; x_wconf 87' lang='lat' dir='ltr'>ducunt,</span> <span class='ocrx_word' id='word_1_7' title='bbox 445 525 529 582; x_wconf 85' lang='lat' dir='ltr'>venti</span> <span class='ocrx_word' id='word_1_8' title='bbox 557 523 743 582; x_wconf 86' lang='lat' dir='ltr'>currentibus</span> <span class='ocrx_word' id='word_1_9' title='bbox 770 522 980 597; x_wconf 89' lang='lat' dir='ltr'>blandiuntur,</span> <span class='ocrx_word' id='word_1_10' title='bbox 1008 523 1118 599; x_wconf 88' lang='lat' dir='ltr'>quietis</span> <span class='ocrx_word' id='word_1_11' title='bbox 1146 542 1197 599; x_wconf 92' lang='lat' dir='ltr'>pe·</span> 
     </span>
     <span class='ocr_line' id='line_1_3' title="bbox 179 611 1197 689; baseline 0.001 -21"><span class='ocrx_word' id='word_1_12' title='bbox 179 611 286 669; x_wconf 88' lang='lat' dir='ltr'>tendae</span> <span class='ocrx_word' id='word_1_13' title='bbox 314 613 432 687; x_wconf 91' lang='lat' dir='ltr'>tempus</span> <span class='ocrx_word' id='word_1_14' title='bbox 461 614 519 687; x_wconf 90' lang='lat' dir='ltr'>est,</span> <span class='ocrx_word' id='word_1_15' title='bbox 547 615 664 689; x_wconf 78' lang='lat' dir='ltr'><strong>quiesce</strong></span> <span class='ocrx_word' id='word_1_16' title='bbox 693 613 848 687; x_wconf 81' lang='lat' dir='ltr'>paulisper</span> <span class='ocrx_word' id='word_1_17' title='bbox 875 615 906 671; x_wconf 91' lang='lat' dir='ltr'>et</span> <span class='ocrx_word' id='word_1_18' title='bbox 928 614 1028 672; x_wconf 90' lang='lat' dir='ltr'>oculos</span> <span class='ocrx_word' id='word_1_19' title='bbox 1051 616 1119 671; x_wconf 90' lang='lat' dir='ltr'>tuos</span> <span class='ocrx_word' id='word_1_20' title='bbox 1143 612 1197 669; x_wconf 89' lang='lat' dir='ltr'>ali·</span> 
     </span>
     <span class='ocr_line' id='line_1_4' title="bbox 181 698 1197 777; baseline 0.002 -20"><span class='ocrx_word' id='word_1_21' title='bbox 181 701 358 775; x_wconf 91' lang='lat' dir='ltr'>quantulum</span> <span class='ocrx_word' id='word_1_22' title='bbox 380 698 534 760; x_wconf 79' lang='lat' dir='ltr'><strong>laboribus</strong></span> <span class='ocrx_word' id='word_1_23' title='bbox 558 701 708 777; x_wconf 76' lang='lat' dir='ltr'>subtrahe,</span> <span class='ocrx_word' id='word_1_24' title='bbox 732 720 775 775; x_wconf 91' lang='lat' dir='ltr'>ac,</span> <span class='ocrx_word' id='word_1_25' title='bbox 794 720 831 759; x_wconf 92' lang='lat' dir='ltr'>ne</span> <span class='ocrx_word' id='word_1_26' title='bbox 854 704 954 776; x_wconf 85' lang='lat' dir='ltr'>partes</span> <span class='ocrx_word' id='word_1_27' title='bbox 978 704 1048 760; x_wconf 89' lang='lat' dir='ltr'>tuae</span> <span class='ocrx_word' id='word_1_28' title='bbox 1071 701 1197 760; x_wconf 87' lang='lat' dir='ltr'>navibus</span> 
     </span>
     <span class='ocr_line' id='line_1_5' title="bbox 180 789 1197 869; baseline 0.001 -22"><span class='ocrx_word' id='word_1_29' title='bbox 180 789 367 848; x_wconf 88' lang='lat' dir='ltr'>currentibus</span> <span class='ocrx_word' id='word_1_30' title='bbox 399 790 594 868; x_wconf 77' lang='lat' dir='ltr'>denegentur,</span> <span class='ocrx_word' id='word_1_31' title='bbox 627 809 682 869; x_wconf 85' lang='lat' dir='ltr'>ego</span> <span class='ocrx_word' id='word_1_32' title='bbox 715 790 834 849; x_wconf 87' lang='lat' dir='ltr'>interim</span> <span class='ocrx_word' id='word_1_33' title='bbox 864 790 962 849; x_wconf 89' lang='lat' dir='ltr'>officio</span> <span class='ocrx_word' id='word_1_34' title='bbox 990 790 1197 869; x_wconf 73' lang='lat' dir='ltr'>gubernatoris</span> 
     </span>
     <span class='ocr_line' id='line_1_6' title="bbox 152 878 1197 956; baseline 0 -18"><span class='ocrx_word' id='word_1_35' title='bbox 152 878 307 938; x_wconf 81' lang='lat' dir='ltr'>sintrabo.</span> <span class='ocrx_word' id='word_1_36' title='bbox 353 879 426 938; x_wconf 87' lang='lat' dir='ltr'>haec</span> <span class='ocrx_word' id='word_1_37' title='bbox 454 879 529 937; x_wconf 87' lang='lat' dir='ltr'>dixit</span> <span class='ocrx_word' id='word_1_38' title='bbox 557 881 609 956; x_wconf 93' lang='lat' dir='ltr'>qui</span> <span class='ocrx_word' id='word_1_39' title='bbox 637 879 795 952; x_wconf 76' lang='lat' dir='ltr'>suadebat,</span> <span class='ocrx_word' id='word_1_40' title='bbox 823 879 875 938; x_wconf 90' lang='lat' dir='ltr'>sed</span> <span class='ocrx_word' id='word_1_41' title='bbox 902 880 999 939; x_wconf 87' lang='lat' dir='ltr'>latent</span> <span class='ocrx_word' id='word_1_42' title='bbox 1022 899 1098 955; x_wconf 85' lang='lat' dir='ltr'>quae</span> <span class='ocrx_word' id='word_1_43' title='bbox 1122 880 1197 938; x_wconf 86' lang='lat' dir='ltr'>dixi·</span> 
     </span>
     <span class='ocr_line' id='line_1_7' title="bbox 179 969 1197 1044; baseline 0.003 -20"><span class='ocrx_word' id='word_1_44' title='bbox 179 986 244 1025; x_wconf 92' lang='lat' dir='ltr'>mus</span> <span class='ocrx_word' id='word_1_45' title='bbox 273 969 385 1042; x_wconf 93' lang='lat' dir='ltr'>opponi</span> <span class='ocrx_word' id='word_1_46' title='bbox 413 987 428 1027; x_wconf 93' lang='lat' dir='ltr'>e</span> <span class='ocrx_word' id='word_1_47' title='bbox 456 969 573 1027; x_wconf 88' lang='lat' dir='ltr'>diverso</span> <span class='ocrx_word' id='word_1_48' title='bbox 601 970 734 1044; x_wconf 90' lang='lat' dir='ltr'>potuisse</span> <span class='ocrx_word' id='word_1_49' title='bbox 763 987 897 1044; x_wconf 88' lang='lat' dir='ltr'>quaeque</span> <span class='ocrx_word' id='word_1_50' title='bbox 926 969 1111 1028; x_wconf 83' lang='lat' dir='ltr'>adsemimus</span> <span class='ocrx_word' id='word_1_51' title='bbox 1135 987 1197 1028; x_wconf 90' lang='lat' dir='ltr'>esse</span> 
     </span>
     <span class='ocr_line' id='line_1_8' title="bbox 180 1054 1197 1134; baseline 0.002 -20"><span class='ocrx_word' id='word_1_52' title='bbox 180 1059 350 1132; x_wconf 85' lang='lat' dir='ltr'>praeventa.</span> <span class='ocrx_word' id='word_1_53' title='bbox 392 1058 472 1115; x_wconf 90' lang='lat' dir='ltr'>idem</span> <span class='ocrx_word' id='word_1_54' title='bbox 495 1058 575 1116; x_wconf 91' lang='lat' dir='ltr'>enim</span> <span class='ocrx_word' id='word_1_55' title='bbox 597 1057 673 1116; x_wconf 85' lang='lat' dir='ltr'>dixit</span> <span class='ocrx_word' id='word_1_56' title='bbox 696 1059 797 1116; x_wconf 91' lang='lat' dir='ltr'>ferunt</span> <span class='ocrx_word' id='word_1_57' title='bbox 819 1059 886 1133; x_wconf 89' lang='lat' dir='ltr'>ipsa</span> <span class='ocrx_word' id='word_1_58' title='bbox 909 1054 1047 1134; x_wconf 85' lang='lat' dir='ltr'>aequora¹</span> <span class='ocrx_word' id='word_1_59' title='bbox 1063 1059 1197 1133; x_wconf 89' lang='lat' dir='ltr'>classem,</span> 
     </span>
     <span class='ocr_line' id='line_1_9' title="bbox 180 1145 1197 1223; baseline -0.001 -18"><span class='ocrx_word' id='word_1_60' title='bbox 180 1150 327 1221; x_wconf 84' lang='lat' dir='ltr'>aequatae</span> <span class='ocrx_word' id='word_1_61' title='bbox 351 1145 505 1222; x_wconf 89' lang='lat' dir='ltr'>adspirant</span> <span class='ocrx_word' id='word_1_62' title='bbox 529 1166 632 1222; x_wconf 89' lang='lat' dir='ltr'>aurae,</span> <span class='ocrx_word' id='word_1_63' title='bbox 655 1166 693 1205; x_wconf 93' lang='lat' dir='ltr'>ne</span> <span class='ocrx_word' id='word_1_64' title='bbox 716 1146 875 1205; x_wconf 87' lang='lat' dir='ltr'>Palinurus</span> <span class='ocrx_word' id='word_1_65' title='bbox 899 1147 1024 1221; x_wconf 87' lang='lat' dir='ltr'>diceret,</span> <span class='ocrx_word' id='word_1_66' title='bbox 1050 1147 1130 1223; x_wconf 89' lang='lat' dir='ltr'>quod</span> <span class='ocrx_word' id='word_1_67' title='bbox 1152 1149 1197 1204; x_wconf 91' lang='lat' dir='ltr'>in-</span> 
     </span>
     <span class='ocr_line' id='line_1_10' title="bbox 180 1235 1198 1312; baseline 0.004 -21"><span class='ocrx_word' id='word_1_68' title='bbox 180 1236 271 1293; x_wconf 84' lang='lat' dir='ltr'>ferius</span> <span class='ocrx_word' id='word_1_69' title='bbox 300 1235 388 1308; x_wconf 85' lang='lat' dir='ltr'>dixit,</span> <span class='ocrx_word' id='word_1_70' title='bbox 416 1255 499 1294; x_wconf 90' lang='lat' dir='ltr'>mare</span> <span class='ocrx_word' id='word_1_71' title='bbox 522 1254 644 1295; x_wconf 82' lang='lat' dir='ltr'>saevum</span> <span class='ocrx_word' id='word_1_72' title='bbox 668 1238 713 1295; x_wconf 91' lang='lat' dir='ltr'>est</span> <span class='ocrx_word' id='word_1_73' title='bbox 737 1238 767 1294; x_wconf 90' lang='lat' dir='ltr'>et</span> <span class='ocrx_word' id='word_1_74' title='bbox 788 1236 927 1311; x_wconf 89' lang='lat' dir='ltr'>infidum,</span> <span class='ocrx_word' id='word_1_75' title='bbox 950 1238 1106 1312; x_wconf 85' lang='lat' dir='ltr'>inportuni</span> <span class='ocrx_word' id='word_1_76' title='bbox 1129 1239 1198 1295; x_wconf 90' lang='lat' dir='ltr'>sunt</span> 
     </span>
     <span class='ocr_line' id='line_1_11' title="bbox 137 1323 1197 1420; baseline -0.001 -36.998"><span class='ocrx_word' id='word_1_77' title='bbox 137 1344 166 1420; x_wconf 87' lang='lat'>.¹⁰</span> <span class='ocrx_word' id='word_1_78' title='bbox 180 1323 234 1381; x_wconf 89' lang='lat' dir='ltr'>fiat</span> <span class='ocrx_word' id='word_1_79' title='bbox 221 1327 278 1398; x_wconf 89' lang='lat' dir='ltr'>t,us</span> <span class='ocrx_word' id='word_1_80' title='bbox 301 1326 468 1399; x_wconf 88' lang='lat' dir='ltr'>relinquere</span> <span class='ocrx_word' id='word_1_81' title='bbox 492 1343 552 1382; x_wconf 94' lang='lat' dir='ltr'>non</span> <span class='ocrx_word' id='word_1_82' title='bbox 574 1343 697 1400; x_wconf 92' lang='lat' dir='ltr'>possum</span> <span class='ocrx_word' id='word_1_83' title='bbox 720 1324 852 1384; x_wconf 86' lang='lat' dir='ltr'>officium</span> <span class='ocrx_word' id='word_1_84' title='bbox 876 1325 1012 1384; x_wconf 90' lang='lat' dir='ltr'>omnibus</span> <span class='ocrx_word' id='word_1_85' title='bbox 1031 1344 1148 1400; x_wconf 91' lang='lat' dir='ltr'>semper</span> <span class='ocrx_word' id='word_1_86' title='bbox 1165 1326 1197 1382; x_wconf 93' lang='lat' dir='ltr'>in</span> 
     </span>
     <span class='ocr_line' id='line_1_12' title="bbox 137 1369 1197 1489; baseline 0.001 -19.041"><span class='ocrx_word' id='word_1_87' title='bbox 137 1414 235 1471; x_wconf 90' lang='lat' dir='ltr'>hac</span> <span class='ocrx_word' id='word_1_88' title='bbox 258 1369 339 1470; x_wconf 82' lang='lat' dir='ltr'>dnda</span> <span class='ocrx_word' id='word_1_89' title='bbox 363 1416 516 1489; x_wconf 79' lang='lat' dir='ltr'>suspectis.</span> <span class='ocrx_word' id='word_1_90' title='bbox 556 1414 645 1472; x_wconf 78' lang='lat' dir='ltr'>datan</span> <span class='ocrx_word' id='word_1_91' title='bbox 662 1414 738 1472; x_wconf 87' lang='lat' dir='ltr'>hora</span> <span class='ocrx_word' id='word_1_92' title='bbox 756 1414 864 1489; x_wconf 88' lang='lat' dir='ltr'>quieti.</span> <span class='ocrx_word' id='word_1_93' title='bbox 888 1414 1027 1473; x_wconf 87' lang='lat' dir='ltr'>dissoluti</span> <span class='ocrx_word' id='word_1_94' title='bbox 1050 1417 1095 1473; x_wconf 91' lang='lat' dir='ltr'>est</span> <span class='ocrx_word' id='word_1_95' title='bbox 1118 1414 1197 1473; x_wconf 91' lang='lat' dir='ltr'>enim</span> 
     </span>
     <span class='ocr_line' id='line_1_13' title="bbox 180 1501 1197 1579; baseline 0.003 -21"><span class='ocrx_word' id='word_1_96' title='bbox 180 1501 308 1559; x_wconf 88' lang='lat' dir='ltr'>dormire</span> <span class='ocrx_word' id='word_1_97' title='bbox 338 1505 407 1561; x_wconf 90' lang='lat' dir='ltr'>ante</span> <span class='ocrx_word' id='word_1_98' title='bbox 429 1505 547 1578; x_wconf 90' lang='lat' dir='ltr'>tempus</span> <span class='ocrx_word' id='word_1_99' title='bbox 571 1506 614 1577; x_wconf 91' lang='lat' dir='ltr'>et,</span> <span class='ocrx_word' id='word_1_100' title='bbox 643 1505 715 1579; x_wconf 90' lang='lat' dir='ltr'>quia</span> <span class='ocrx_word' id='word_1_101' title='bbox 737 1521 801 1561; x_wconf 91' lang='lat' dir='ltr'>esse</span> <span class='ocrx_word' id='word_1_102' title='bbox 826 1502 889 1561; x_wconf 94' lang='lat' dir='ltr'>id</span> <span class='ocrx_word' id='word_1_103' title='bbox 880 1520 981 1578; x_wconf 90' lang='lat' dir='ltr'>1psum</span> <span class='ocrx_word' id='word_1_104' title='bbox 1003 1506 1121 1579; x_wconf 87' lang='lat' dir='ltr'>tempus</span> <span class='ocrx_word' id='word_1_105' title='bbox 1146 1502 1197 1562; x_wconf 85' lang='lat' dir='ltr'>ad·</span> 
     </span>
     <span class='ocr_line' id='line_1_14' title="bbox 180 1592 1197 1668; baseline 0.004 -21"><span class='ocrx_word' id='word_1_106' title='bbox 180 1592 347 1665; x_wconf 88' lang='lat' dir='ltr'>serebatur,</span> <span class='ocrx_word' id='word_1_107' title='bbox 374 1594 475 1667; x_wconf 88' lang='lat' dir='ltr'>posset</span> <span class='ocrx_word' id='word_1_108' title='bbox 503 1593 563 1651; x_wconf 90' lang='lat' dir='ltr'>dici</span> <span class='ocrx_word' id='word_1_109' title='bbox 585 1612 645 1650; x_wconf 90' lang='lat' dir='ltr'>non</span> <span class='ocrx_word' id='word_1_110' title='bbox 669 1610 732 1651; x_wconf 89' lang='lat' dir='ltr'>esse</span> <span class='ocrx_word' id='word_1_111' title='bbox 756 1592 962 1650; x_wconf 90' lang='lat' dir='ltr'>dormiendum</span> <span class='ocrx_word' id='word_1_112' title='bbox 985 1594 1109 1668; x_wconf 88' lang='lat' dir='ltr'>propter</span> <span class='ocrx_word' id='word_1_113' title='bbox 1130 1612 1197 1667; x_wconf 87' lang='lat' dir='ltr'>per·</span> 
     </span>
     <span class='ocr_line' id='line_1_15' title="bbox 179 1680 1198 1759; baseline 0.003 -22"><span class='ocrx_word' id='word_1_114' title='bbox 179 1680 282 1739; x_wconf 91' lang='lat' dir='ltr'>fidiam</span> <span class='ocrx_word' id='word_1_115' title='bbox 303 1683 394 1738; x_wconf 88' lang='lat' dir='ltr'>maris</span> <span class='ocrx_word' id='word_1_116' title='bbox 415 1683 445 1739; x_wconf 88' lang='lat' dir='ltr'>et</span> <span class='ocrx_word' id='word_1_117' title='bbox 462 1682 664 1759; x_wconf 87' lang='lat' dir='ltr'>navigationis</span> <span class='ocrx_word' id='word_1_118' title='bbox 682 1683 838 1739; x_wconf 88' lang='lat' dir='ltr'>incertum.</span> <span class='ocrx_word' id='word_1_119' title='bbox 876 1700 963 1757; x_wconf 90' lang='lat' dir='ltr'>pone,</span> <span class='ocrx_word' id='word_1_120' title='bbox 980 1682 1089 1757; x_wconf 90' lang='lat' dir='ltr'>inquit,</span> <span class='ocrx_word' id='word_1_121' title='bbox 1108 1684 1198 1758; x_wconf 90' lang='lat' dir='ltr'>caput</span> 
     </span>
     <span class='ocr_line' id='line_1_16' title="bbox 139 1770 1199 1845; baseline -0.002 -15"><span class='ocrx_word' id='word_1_122' title='bbox 139 1790 165 1830; x_wconf 78' lang='grc' dir='ltr'>ιι</span> <span class='ocrx_word' id='word_1_123' title='bbox 179 1770 330 1845; x_wconf 87' lang='lat' dir='ltr'>fessosque</span> <span class='ocrx_word' id='word_1_124' title='bbox 358 1770 458 1829; x_wconf 91' lang='lat' dir='ltr'>oculos</span> <span class='ocrx_word' id='word_1_125' title='bbox 486 1770 586 1829; x_wconf 83' lang='lat' dir='ltr'>tirrare</span> <span class='ocrx_word' id='word_1_126' title='bbox 614 1770 725 1844; x_wconf 88' lang='lat' dir='ltr'>labori,</span> <span class='ocrx_word' id='word_1_127' title='bbox 752 1772 815 1842; x_wconf 78' lang='lat' dir='ltr'>ipse</span> <span class='ocrx_word' id='word_1_128' title='bbox 842 1788 891 1844; x_wconf 79' lang='lat' dir='ltr'>epo</span> <span class='ocrx_word' id='word_1_129' title='bbox 912 1771 1069 1844; x_wconf 76' lang='lat' dir='ltr'>pentisper</span> <span class='ocrx_word' id='word_1_130' title='bbox 1091 1788 1149 1844; x_wconf 80' lang='lat' dir='ltr'>pro</span> <span class='ocrx_word' id='word_1_131' title='bbox 1172 1774 1199 1828; x_wconf 88' lang='lat' dir='ltr'>te</span> 
     </span>
     <span class='ocr_line' id='line_1_17' title="bbox 181 1858 1198 1935; baseline 0.004 -20"><span class='ocrx_word' id='word_1_132' title='bbox 181 1862 232 1917; x_wconf 87' lang='lat' dir='ltr'>tne</span> <span class='ocrx_word' id='word_1_133' title='bbox 255 1876 378 1916; x_wconf 78' lang='lat' dir='ltr'>mnnenn</span> <span class='ocrx_word' id='word_1_134' title='bbox 400 1860 495 1916; x_wconf 86' lang='lat' dir='ltr'>inibe:</span> <span class='ocrx_word' id='word_1_135' title='bbox 517 1859 590 1918; x_wconf 93' lang='lat' dir='ltr'>bene</span> <span class='ocrx_word' id='word_1_136' title='bbox 614 1860 691 1917; x_wconf 83' lang='lat' dir='ltr'>dixit</span> <span class='ocrx_word' id='word_1_137' title='bbox 712 1860 821 1934; x_wconf 73' lang='lat' dir='ltr'>ferrare,</span> <span class='ocrx_word' id='word_1_138' title='bbox 844 1861 879 1918; x_wconf 92' lang='lat' dir='ltr'>ut</span> <span class='ocrx_word' id='word_1_139' title='bbox 902 1858 1121 1935; x_wconf 89' lang='lat' dir='ltr'>quodammodo</span> <span class='ocrx_word' id='word_1_140' title='bbox 1144 1877 1198 1919; x_wconf 90' lang='lat' dir='ltr'>neo</span> 
     </span>
     <span class='ocr_line' id='line_1_18' title="bbox 180 1948 1197 2024; baseline 0.003 -20"><span class='ocrx_word' id='word_1_141' title='bbox 180 1948 246 2024; x_wconf 91' lang='lat' dir='ltr'>ipsa</span> <span class='ocrx_word' id='word_1_142' title='bbox 268 1950 365 2005; x_wconf 90' lang='lat' dir='ltr'>maria</span> <span class='ocrx_word' id='word_1_143' title='bbox 388 1949 498 2005; x_wconf 87' lang='lat' dir='ltr'>scirent</span> <span class='ocrx_word' id='word_1_144' title='bbox 520 1948 698 2007; x_wconf 89' lang='lat' dir='ltr'>Palinurum</span> <span class='ocrx_word' id='word_1_145' title='bbox 721 1948 877 2023; x_wconf 85' lang='lat' dir='ltr'>quievisse.</span> <span class='ocrx_word' id='word_1_146' title='bbox 921 1948 1031 2008; x_wconf 91' lang='lat' dir='ltr'>modici</span> <span class='ocrx_word' id='word_1_147' title='bbox 1053 1949 1197 2024; x_wconf 87' lang='lat' dir='ltr'>temporis</span> 
     </span>
     <span class='ocr_line' id='line_1_19' title="bbox 181 2036 1198 2113; baseline 0.001 -19"><span class='ocrx_word' id='word_1_148' title='bbox 181 2038 208 2094; x_wconf 90' lang='lat' dir='ltr'>ei</span> <span class='ocrx_word' id='word_1_149' title='bbox 235 2039 368 2111; x_wconf 89' lang='lat' dir='ltr'>requiem</span> <span class='ocrx_word' id='word_1_150' title='bbox 397 2037 554 2113; x_wconf 86' lang='lat' dir='ltr'>suadebat,</span> <span class='ocrx_word' id='word_1_151' title='bbox 586 2040 620 2095; x_wconf 90' lang='lat' dir='ltr'>ut</span> <span class='ocrx_word' id='word_1_152' title='bbox 650 2036 784 2097; x_wconf 89' lang='lat' dir='ltr'>obtinere</span> <span class='ocrx_word' id='word_1_153' title='bbox 816 2039 977 2113; x_wconf 91' lang='lat' dir='ltr'>potuisset,</span> <span class='ocrx_word' id='word_1_154' title='bbox 1009 2039 1081 2113; x_wconf 89' lang='lat' dir='ltr'>quia</span> <span class='ocrx_word' id='word_1_155' title='bbox 1114 2037 1198 2096; x_wconf 84' lang='lat' dir='ltr'>brevi</span> 
     </span>
     <span class='ocr_line' id='line_1_20' title="bbox 181 2125 1198 2203; baseline 0.002 -20"><span class='ocrx_word' id='word_1_156' title='bbox 181 2127 279 2201; x_wconf 84' lang='lat' dir='ltr'>spatio</span> <span class='ocrx_word' id='word_1_157' title='bbox 302 2125 429 2184; x_wconf 89' lang='lat' dir='ltr'>insidiae</span> <span class='ocrx_word' id='word_1_158' title='bbox 454 2127 587 2201; x_wconf 82' lang='lat' dir='ltr'>conpleri</span> <span class='ocrx_word' id='word_1_159' title='bbox 608 2129 780 2203; x_wconf 90' lang='lat' dir='ltr'>potnerunt,</span> <span class='ocrx_word' id='word_1_160' title='bbox 802 2146 862 2202; x_wconf 88' lang='lat' dir='ltr'>qua</span> <span class='ocrx_word' id='word_1_161' title='bbox 885 2145 975 2185; x_wconf 89' lang='lat' dir='ltr'>eausa</span> <span class='ocrx_word' id='word_1_162' title='bbox 998 2126 1115 2186; x_wconf 90' lang='lat' dir='ltr'>addidit</span> <span class='ocrx_word' id='word_1_163' title='bbox 1132 2128 1198 2203; x_wconf 90' lang='lat' dir='ltr'>ipse</span> 
     </span>
     <span class='ocr_line' id='line_1_21' title="bbox 140 2215 1197 2294; baseline -0.001 -19"><span class='ocrx_word' id='word_1_164' title='bbox 140 2235 166 2275; x_wconf 76' lang='lat' dir='ltr'>eo</span> <span class='ocrx_word' id='word_1_165' title='bbox 181 2234 235 2292; x_wconf 89' lang='lat' dir='ltr'>ego</span> <span class='ocrx_word' id='word_1_166' title='bbox 263 2234 318 2290; x_wconf 88' lang='lat' dir='ltr'>pro</span> <span class='ocrx_word' id='word_1_167' title='bbox 345 2217 376 2273; x_wconf 91' lang='lat' dir='ltr'>te</span> <span class='ocrx_word' id='word_1_168' title='bbox 403 2215 551 2292; x_wconf 84' lang='lat' dir='ltr'>vigilabo,</span> <span class='ocrx_word' id='word_1_169' title='bbox 574 2235 629 2294; x_wconf 87' lang='lat' dir='ltr'>ego</span> <span class='ocrx_word' id='word_1_170' title='bbox 652 2215 813 2290; x_wconf 88' lang='lat' dir='ltr'>suscipiam</span> <span class='ocrx_word' id='word_1_171' title='bbox 837 2215 968 2275; x_wconf 85' lang='lat' dir='ltr'>officium</span> <span class='ocrx_word' id='word_1_172' title='bbox 991 2218 1084 2273; x_wconf 88' lang='lat' dir='ltr'>tuum.</span> <span class='ocrx_word' id='word_1_173' title='bbox 1131 2232 1197 2274; x_wconf 85' lang='lat' dir='ltr'>ecee</span> 
     </span>
     <span class='ocr_line' id='line_1_22' title="bbox 181 2304 1198 2381; baseline 0.001 -20"><span class='ocrx_word' id='word_1_174' title='bbox 181 2324 215 2361; x_wconf 84' lang='lat' dir='ltr'>ex</span> <span class='ocrx_word' id='word_1_175' title='bbox 243 2304 356 2362; x_wconf 90' lang='lat' dir='ltr'>duobus</span> <span class='ocrx_word' id='word_1_176' title='bbox 384 2306 552 2380; x_wconf 86' lang='lat' dir='ltr'>persuasio,</span> <span class='ocrx_word' id='word_1_177' title='bbox 581 2305 616 2363; x_wconf 92' lang='lat' dir='ltr'>de</span> <span class='ocrx_word' id='word_1_178' title='bbox 639 2304 787 2364; x_wconf 76' lang='lat' dir='ltr'>brevitate</span> <span class='ocrx_word' id='word_1_179' title='bbox 810 2305 953 2381; x_wconf 91' lang='lat' dir='ltr'>temporis</span> <span class='ocrx_word' id='word_1_180' title='bbox 977 2307 1008 2362; x_wconf 87' lang='lat' dir='ltr'>et</span> <span class='ocrx_word' id='word_1_181' title='bbox 1029 2305 1065 2363; x_wconf 93' lang='lat' dir='ltr'>de</span> <span class='ocrx_word' id='word_1_182' title='bbox 1089 2304 1198 2364; x_wconf 89' lang='lat' dir='ltr'>securi-</span> 
     </span>
     <span class='ocr_line' id='line_1_23' title="bbox 179 2393 1199 2472; baseline 0.002 -22"><span class='ocrx_word' id='word_1_183' title='bbox 179 2396 242 2450; x_wconf 88' lang='lat' dir='ltr'>tate</span> <span class='ocrx_word' id='word_1_184' title='bbox 270 2395 417 2468; x_wconf 91' lang='lat' dir='ltr'>promissa</span> <span class='ocrx_word' id='word_1_185' title='bbox 445 2393 679 2472; x_wconf 88' lang='lat' dir='ltr'>gubernationis.</span> <span class='ocrx_word' id='word_1_186' title='bbox 727 2396 775 2452; x_wconf 86' lang='lat' dir='ltr'>eni</span> <span class='ocrx_word' id='word_1_187' title='bbox 801 2396 851 2452; x_wconf 81' lang='lat' dir='ltr'>oin</span> <span class='ocrx_word' id='word_1_188' title='bbox 879 2394 1010 2452; x_wconf 77' lang='lat' dir='ltr'>attollens</span> <span class='ocrx_word' id='word_1_189' title='bbox 1034 2394 1199 2452; x_wconf 83' lang='lat' dir='ltr'>Poiinnrns</span> 
     </span>
     <span class='ocr_line' id='line_1_24' title="bbox 181 2482 1197 2558; baseline 0.003 -21"><span class='ocrx_word' id='word_1_190' title='bbox 181 2482 294 2539; x_wconf 72' lang='lat' dir='ltr'>termino</span> <span class='ocrx_word' id='word_1_191' title='bbox 316 2482 413 2554; x_wconf 71' lang='lat' dir='ltr'>feton:</span> <span class='ocrx_word' id='word_1_192' title='bbox 445 2484 495 2541; x_wconf 87' lang='lat' dir='ltr'>vix</span> <span class='ocrx_word' id='word_1_193' title='bbox 519 2483 668 2557; x_wconf 84' lang='lat' dir='ltr'>attollens,</span> <span class='ocrx_word' id='word_1_194' title='bbox 692 2484 764 2558; x_wconf 88' lang='lat' dir='ltr'>quia</span> <span class='ocrx_word' id='word_1_195' title='bbox 786 2482 979 2558; x_wconf 87' lang='lat' dir='ltr'>premebatur</span> <span class='ocrx_word' id='word_1_196' title='bbox 1000 2484 1063 2540; x_wconf 88' lang='lat' dir='ltr'>iam</span> <span class='ocrx_word' id='word_1_197' title='bbox 1085 2482 1197 2542; x_wconf 84' lang='lat' dir='ltr'>virtute</span> 
     </span>
     <span class='ocr_line' id='line_1_25' title="bbox 180 2569 1198 2645; baseline 0.004 -19"><span class='ocrx_word' id='word_1_198' title='bbox 180 2569 315 2643; x_wconf 91' lang='lat' dir='ltr'>potioris.</span> <span class='ocrx_word' id='word_1_199' title='bbox 356 2589 438 2630; x_wconf 84' lang='lat' dir='ltr'>nene</span> <span class='ocrx_word' id='word_1_200' title='bbox 460 2573 533 2630; x_wconf 84' lang='lat' dir='ltr'>sniis</span> <span class='ocrx_word' id='word_1_201' title='bbox 550 2573 665 2645; x_wconf 83' lang='lat' dir='ltr'>placidi</span> <span class='ocrx_word' id='word_1_202' title='bbox 683 2572 796 2630; x_wconf 68' lang='lat' dir='ltr'>eninm</span> <span class='ocrx_word' id='word_1_203' title='bbox 813 2574 974 2645; x_wconf 68' lang='lat' dir='ltr'>{innosque</span> <span class='ocrx_word' id='word_1_204' title='bbox 991 2574 1101 2645; x_wconf 80' lang='lat' dir='ltr'>quietos</span> <span class='ocrx_word' id='word_1_205' title='bbox 1117 2574 1198 2645; x_wconf 78' lang='lat' dir='ltr'>ipnc-</span> 
     </span>
     <span class='ocr_line' id='line_1_26' title="bbox 140 2658 1251 2733; baseline -0.003 -16"><span class='ocrx_word' id='word_1_206' title='bbox 140 2676 166 2717; x_wconf 82' lang='lat' dir='ltr'>ae</span> <span class='ocrx_word' id='word_1_207' title='bbox 180 2676 249 2717; x_wconf 78' lang='lat' dir='ltr'>nere</span> <span class='ocrx_word' id='word_1_208' title='bbox 271 2660 372 2717; x_wconf 79' lang='lat' dir='ltr'>indes?</span> <span class='ocrx_word' id='word_1_209' title='bbox 395 2678 474 2719; x_wconf 85' lang='lat' dir='ltr'>mene</span> <span class='ocrx_word' id='word_1_210' title='bbox 496 2662 564 2719; x_wconf 79' lang='lat' dir='ltr'>hnic</span> <span class='ocrx_word' id='word_1_211' title='bbox 587 2662 731 2733; x_wconf 72' lang='lat' dir='ltr'>considere</span> <span class='ocrx_word' id='word_1_212' title='bbox 752 2662 900 2719; x_wconf 70' lang='lat' dir='ltr'>mninstro?</span> <span class='ocrx_word' id='word_1_213' title='bbox 929 2658 1053 2719; x_wconf 84' lang='lat' dir='ltr'>Aeneon</span> <span class='ocrx_word' id='word_1_214' title='bbox 1071 2662 1251 2720; x_wconf 75' lang='lat' dir='ltr'>eredomfleo</span> 
     </span>
     <span class='ocr_line' id='line_1_27' title="bbox 180 2744 1198 2825; baseline 0.003 -20"><span class='ocrx_word' id='word_1_215' title='bbox 180 2744 286 2822; x_wconf 83' lang='lat' dir='ltr'>[(qnid</span> <span class='ocrx_word' id='word_1_216' title='bbox 316 2751 392 2806; x_wconf 82' lang='lat' dir='ltr'>enin</span> <span class='ocrx_word' id='word_1_217' title='bbox 423 2750 563 2822; x_wconf 80' lang='lat' dir='ltr'>scilecins</span> <span class='ocrx_word' id='word_1_218' title='bbox 595 2752 707 2809; x_wconf 82' lang='lat' dir='ltr'>nestris</span> <span class='ocrx_word' id='word_1_219' title='bbox 734 2753 761 2808; x_wconf 86' lang='lat' dir='ltr'>et</span> <span class='ocrx_word' id='word_1_220' title='bbox 786 2749 898 2825; x_wconf 67' lang='lat' dir='ltr'>coeni)</span> <span class='ocrx_word' id='word_1_221' title='bbox 931 2753 1032 2809; x_wconf 87' lang='lat' dir='ltr'>totiens</span> <span class='ocrx_word' id='word_1_222' title='bbox 1063 2751 1198 2823; x_wconf 81' lang='lat' dir='ltr'>deeeptus</span> 
     </span>
     <span class='ocr_line' id='line_1_28' title="bbox 180 2836 1197 2917; baseline 0.003 -23"><span class='ocrx_word' id='word_1_223' title='bbox 180 2837 288 2909; x_wconf 80' lang='lat' dir='ltr'>frande</span> <span class='ocrx_word' id='word_1_224' title='bbox 310 2836 457 2914; x_wconf 76' lang='lat' dir='ltr'>sereni?].·</span> <span class='ocrx_word' id='word_1_225' title='bbox 479 2841 578 2915; x_wconf 89' lang='lat' dir='ltr'>putas,</span> <span class='ocrx_word' id='word_1_226' title='bbox 600 2839 709 2915; x_wconf 90' lang='lat' dir='ltr'>inquit,</span> <span class='ocrx_word' id='word_1_227' title='bbox 732 2858 779 2897; x_wconf 91' lang='lat' dir='ltr'>me</span> <span class='ocrx_word' id='word_1_228' title='bbox 801 2840 915 2899; x_wconf 90' lang='lat' dir='ltr'>nescire</span> <span class='ocrx_word' id='word_1_229' title='bbox 938 2838 1010 2915; x_wconf 88' lang='lat' dir='ltr'>quid</span> <span class='ocrx_word' id='word_1_230' title='bbox 1034 2841 1143 2917; x_wconf 90' lang='lat' dir='ltr'>agatur</span> <span class='ocrx_word' id='word_1_231' title='bbox 1164 2840 1197 2897; x_wconf 88' lang='lat' dir='ltr'>in</span> 
     </span>
    </p>
   </div>
   <div class='ocr_carea' id='block_1_3' title="bbox 179 3025 1201 3665">
    <p class='ocr_par' dir='ltr' id='par_1_3' title="bbox 180 3025 1199 3239">
     <span class='ocr_line' id='line_1_29' title="bbox 253 3025 1161 3095; baseline 0.001 -17"><span class='ocrx_word' id='word_1_232' title='bbox 253 3031 269 3078; x_wconf 88' lang='grc'>4</span> <span class='ocrx_word' id='word_1_233' title='bbox 292 3026 383 3092; x_wconf 74' lang='lat' dir='ltr'>officio</span> <span class='ocrx_word' id='word_1_234' title='bbox 402 3025 454 3079; x_wconf 89' lang='lat' dir='ltr'>LR</span> <span class='ocrx_word' id='word_1_235' title='bbox 478 3027 552 3079; x_wconf 85' lang='lat' dir='ltr'>-ier</span> <span class='ocrx_word' id='word_1_236' title='bbox 575 3026 717 3093; x_wconf 76' lang='lat' dir='ltr'>-innred,</span> <span class='ocrx_word' id='word_1_237' title='bbox 740 3026 791 3080; x_wconf 88' lang='lat' dir='ltr'>sed</span> <span class='ocrx_word' id='word_1_238' title='bbox 813 3025 954 3080; x_wconf 83' lang='lat' dir='ltr'>ablativus</span> <span class='ocrx_word' id='word_1_239' title='bbox 976 3041 1037 3079; x_wconf 86' lang='lat' dir='ltr'>esee</span> <span class='ocrx_word' id='word_1_240' title='bbox 1059 3028 1161 3095; x_wconf 85' lang='lat' dir='ltr'>potest.</span> 
     </span>
     <span class='ocr_line' id='line_1_30' title="bbox 181 3096 1199 3152; baseline 0.002 -3"><span class='ocrx_word' id='word_1_241' title='bbox 181 3103 197 3149; x_wconf 84' lang='lat'>5</span> <span class='ocrx_word' id='word_1_242' title='bbox 221 3098 331 3150; x_wconf 79' lang='lat' dir='ltr'>intrabo</span> <span class='ocrx_word' id='word_1_243' title='bbox 354 3096 406 3149; x_wconf 82' lang='lat' dir='ltr'>th</span> <span class='ocrx_word' id='word_1_244' title='bbox 428 3098 523 3152; x_wconf 82' lang='lat' dir='ltr'>enbcbc</span> <span class='ocrx_word' id='word_1_245' title='bbox 547 3098 589 3151; x_wconf 90' lang='lat' dir='ltr'>ed.</span> <span class='ocrx_word' id='word_1_246' title='bbox 701 3103 716 3150; x_wconf 79' lang='lat'>7</span> <span class='ocrx_word' id='word_1_247' title='bbox 739 3098 812 3151; x_wconf 82' lang='lat' dir='ltr'>iden</span> <span class='ocrx_word' id='word_1_248' title='bbox 834 3097 886 3150; x_wconf 85' lang='lat' dir='ltr'>LR</span> <span class='ocrx_word' id='word_1_249' title='bbox 908 3098 940 3151; x_wconf 86' lang='lat' dir='ltr'>id</span> <span class='ocrx_word' id='word_1_250' title='bbox 962 3097 1006 3152; x_wconf 89' lang='lat' dir='ltr'>ed.</span> <span class='ocrx_word' id='word_1_251' title='bbox 1116 3102 1149 3150; x_wconf 79' lang='lat'>12</span> <span class='ocrx_word' id='word_1_252' title='bbox 1174 3103 1199 3151; x_wconf 87' lang='lat' dir='ltr'>et</span> 
     </span>
     <span class='ocr_line' id='line_1_31' title="bbox 180 3168 1197 3239; baseline 0.001 -19"><span class='ocrx_word' id='word_1_253' title='bbox 180 3169 296 3235; x_wconf 86' lang='lat' dir='ltr'>qnio-</span> <span class='ocrx_word' id='word_1_254' title='bbox 311 3175 416 3237; x_wconf 72' lang='lat' dir='ltr'>tenipus</span> <span class='ocrx_word' id='word_1_255' title='bbox 439 3185 492 3222; x_wconf 92' lang='lat' dir='ltr'>om.</span> <span class='ocrx_word' id='word_1_256' title='bbox 512 3169 537 3221; x_wconf 85' lang='lat' dir='ltr'><strong>R</strong></span> <span class='ocrx_word' id='word_1_257' title='bbox 560 3168 652 3238; x_wconf 89' lang='lat' dir='ltr'>suppl.</span> <span class='ocrx_word' id='word_1_258' title='bbox 672 3168 702 3222; x_wconf 92' lang='lat' dir='ltr'>in</span> <span class='ocrx_word' id='word_1_259' title='bbox 721 3184 809 3239; x_wconf 84' lang='lat' dir='ltr'>marg.</span> <span class='ocrx_word' id='word_1_260' title='bbox 829 3168 928 3221; x_wconf 90' lang='lat' dir='ltr'>r=L</span> <span class='ocrx_word' id='word_1_261' title='bbox 951 3170 1043 3237; x_wconf 69' lang='lat' dir='ltr'>optenta</span> <span class='ocrx_word' id='word_1_262' title='bbox 1060 3185 1115 3223; x_wconf 90' lang='lat' dir='ltr'>om.</span> <span class='ocrx_word' id='word_1_263' title='bbox 1131 3168 1197 3223; x_wconf 69' lang='lat' dir='ltr'>eds.</span> 
     </span>
    </p>

    <p class='ocr_par' dir='ltr' id='par_1_4' title="bbox 179 3239 1199 3453">
     <span class='ocr_line' id='line_1_32' title="bbox 236 3239 1196 3308; baseline 0.001 -17"><span class='ocrx_word' id='word_1_264' title='bbox 236 3244 269 3292; x_wconf 84' lang='lat'>14</span> <span class='ocrx_word' id='word_1_265' title='bbox 288 3241 421 3293; x_wconf 79' lang='lat' dir='ltr'>ineertnni</span> <span class='ocrx_word' id='word_1_266' title='bbox 439 3239 492 3292; x_wconf 82' lang='lat' dir='ltr'>LR</span> <span class='ocrx_word' id='word_1_267' title='bbox 510 3240 732 3295; x_wconf 76' lang='lat' dir='ltr'>incertitudinem</span> <span class='ocrx_word' id='word_1_268' title='bbox 750 3239 794 3293; x_wconf 89' lang='lat' dir='ltr'>ed.</span> <span class='ocrx_word' id='word_1_269' title='bbox 882 3244 915 3293; x_wconf 82' lang='lat' dir='ltr'>lt</span> <span class='ocrx_word' id='word_1_270' title='bbox 933 3240 1030 3306; x_wconf 75' lang='lat' dir='ltr'>senari</span> <span class='ocrx_word' id='word_1_271' title='bbox 1046 3239 1073 3293; x_wconf 83' lang='lat' dir='ltr'>R</span> <span class='ocrx_word' id='word_1_272' title='bbox 1090 3257 1169 3295; x_wconf 65' lang='lat' dir='ltr'>ner.</span> <span class='ocrx_word' id='word_1_273' title='bbox 1191 3241 1196 3308; x_wconf 91' lang='grc' dir='ltr'>Ι</span> 
     </span>
     <span class='ocr_line' id='line_1_33' title="bbox 181 3309 1199 3381; baseline 0.001 -18"><span class='ocrx_word' id='word_1_274' title='bbox 181 3309 419 3381; x_wconf 75' lang='lat' dir='ltr'>erpothepor.</span> <span class='ocrx_word' id='word_1_275' title='bbox 450 3313 454 3379; x_wconf 83' lang='grc' dir='ltr'>Ι</span> <span class='ocrx_word' id='word_1_276' title='bbox 485 3311 849 3380; x_wconf 77' lang='lat' dir='ltr'>pertaedpost.17</span> <span class='ocrx_word' id='word_1_277' title='bbox 905 3309 1071 3365; x_wconf 77' lang='lat' dir='ltr'>iemeaeLIt</span> <span class='ocrx_word' id='word_1_278' title='bbox 1085 3317 1199 3381; x_wconf 79' lang='lat' dir='ltr'>prepter</span> 
     </span>
     <span class='ocr_line' id='line_1_34' title="bbox 179 3328 1197 3465; baseline 0.001 -32"><span class='ocrx_word' id='word_1_279' title='bbox 179 3381 558 3465; x_wconf 77' lang='lat' dir='ltr'>spetinninterppl.ed.1</span> <span class='ocrx_word' id='word_1_280' title='bbox 592 3382 704 3437; x_wconf 81' lang='lat' dir='ltr'>medicit</span> <span class='ocrx_word' id='word_1_281' title='bbox 725 3381 778 3434; x_wconf 87' lang='lat' dir='ltr'>LR</span> <span class='ocrx_word' id='word_1_282' title='bbox 800 3388 812 3436; x_wconf 88' lang='lat' dir='ltr'>t</span> <span class='ocrx_word' id='word_1_283' title='bbox 834 3383 922 3435; x_wconf 89' lang='lat' dir='ltr'>de.r</span> <span class='ocrx_word' id='word_1_284' title='bbox 908 3385 969 3451; x_wconf 73' lang='lat' dir='ltr'>nl</span> <span class='ocrx_word' id='word_1_285' title='bbox 1003 3328 1197 3453; x_wconf 63' lang='lat' dir='ltr'>norepmnelr.</span> 
     </span>
    </p>

    <p class='ocr_par' dir='ltr' id='par_1_5' title="bbox 180 3452 1201 3665">
     <span class='ocr_line' id='line_1_35' title="bbox 237 3452 1201 3523; baseline 0 -18"><span class='ocrx_word' id='word_1_286' title='bbox 237 3457 270 3506; x_wconf 91' lang='lat'>18</span> <span class='ocrx_word' id='word_1_287' title='bbox 298 3460 323 3506; x_wconf 84' lang='lat' dir='ltr'>et</span> <span class='ocrx_word' id='word_1_288' title='bbox 350 3454 469 3523; x_wconf 81' lang='lat' dir='ltr'>requiem</span> <span class='ocrx_word' id='word_1_289' title='bbox 491 3453 544 3506; x_wconf 87' lang='lat' dir='ltr'>LR</span> <span class='ocrx_word' id='word_1_290' title='bbox 567 3454 610 3508; x_wconf 90' lang='lat' dir='ltr'>ed.</span> <span class='ocrx_word' id='word_1_291' title='bbox 639 3458 665 3507; x_wconf 83' lang='lat' dir='ltr'>et</span> <span class='ocrx_word' id='word_1_292' title='bbox 691 3468 752 3522; x_wconf 89' lang='lat' dir='ltr'>exp.</span> <span class='ocrx_word' id='word_1_293' title='bbox 776 3470 791 3505; x_wconf 89' lang='lat' dir='ltr'>r</span> <span class='ocrx_word' id='word_1_294' title='bbox 817 3455 843 3507; x_wconf 87' lang='lat' dir='ltr'>ei</span> <span class='ocrx_word' id='word_1_295' title='bbox 867 3470 935 3507; x_wconf 90' lang='lat' dir='ltr'>nos.</span> <span class='ocrx_word' id='word_1_296' title='bbox 960 3456 965 3523; x_wconf 81' lang='grc' dir='ltr'>Ι</span> <span class='ocrx_word' id='word_1_297' title='bbox 998 3454 1151 3508; x_wconf 78' lang='lat' dir='ltr'>suadebant</span> <span class='ocrx_word' id='word_1_298' title='bbox 1173 3452 1201 3505; x_wconf 86' lang='lat' dir='ltr'>R·</span> 
     </span>
     <span class='ocr_line' id='line_1_36' title="bbox 180 3523 1195 3608; baseline 0.002 -32"><span class='ocrx_word' id='word_1_299' title='bbox 180 3542 201 3575; x_wconf 91' lang='lat' dir='ltr'>n</span> <span class='ocrx_word' id='word_1_300' title='bbox 225 3523 278 3577; x_wconf 94' lang='lat' dir='ltr'>del.</span> <span class='ocrx_word' id='word_1_301' title='bbox 299 3542 320 3577; x_wconf 95' lang='lat' dir='ltr'>r.</span> <span class='ocrx_word' id='word_1_302' title='bbox 429 3529 462 3577; x_wconf 76' lang='lat'>25</span> <span class='ocrx_word' id='word_1_303' title='bbox 486 3541 559 3579; x_wconf 85' lang='lat' dir='ltr'>neve</span> <span class='ocrx_word' id='word_1_304' title='bbox 581 3526 646 3579; x_wconf 78' lang='lat' dir='ltr'>hnic</span> <span class='ocrx_word' id='word_1_305' title='bbox 665 3523 718 3576; x_wconf 87' lang='lat' dir='ltr'>LR</span> <span class='ocrx_word' id='word_1_306' title='bbox 742 3526 862 3579; x_wconf 75' lang='lat' dir='ltr'>menet.</span> <span class='ocrx_word' id='word_1_307' title='bbox 882 3525 925 3579; x_wconf 89' lang='lat' dir='ltr'>ed.</span> <span class='ocrx_word' id='word_1_308' title='bbox 946 3528 975 3579; x_wconf 90' lang='lat' dir='ltr'>et</span> <span class='ocrx_word' id='word_1_309' title='bbox 993 3524 1076 3594; x_wconf 86' lang='lat' dir='ltr'>Verg</span> <span class='ocrx_word' id='word_1_310' title='bbox 1091 3524 1171 3578; x_wconf 90' lang='lat' dir='ltr'>li-bri.</span> <span class='ocrx_word' id='word_1_311' title='bbox 1171 3524 1195 3608; x_wconf 77' lang='lat' dir='ltr'>l</span> 
     </span>
     <span class='ocr_line' id='line_1_37' title="bbox 180 3594 1198 3665; baseline 0.001 -18"><span class='ocrx_word' id='word_1_312' title='bbox 180 3595 296 3648; x_wconf 84' lang='lat' dir='ltr'>Aenean</span> <span class='ocrx_word' id='word_1_313' title='bbox 314 3595 423 3650; x_wconf 82' lang='lat' dir='ltr'>credam</span> <span class='ocrx_word' id='word_1_314' title='bbox 441 3612 494 3649; x_wconf 91' lang='lat' dir='ltr'>om.</span> <span class='ocrx_word' id='word_1_315' title='bbox 514 3596 557 3649; x_wconf 89' lang='lat' dir='ltr'>ed.</span> <span class='ocrx_word' id='word_1_316' title='bbox 658 3601 692 3649; x_wconf 75' lang='lat'>26</span> <span class='ocrx_word' id='word_1_317' title='bbox 712 3596 827 3665; x_wconf 79' lang='lat' dir='ltr'>qnid</span> <span class='ocrx_word' id='word_1_318' title='bbox 793 3600 877 3649; x_wconf 73' lang='lat'>2⁷</span> <span class='ocrx_word' id='word_1_319' title='bbox 895 3598 984 3651; x_wconf 74' lang='lat' dir='ltr'>cenni·</span> <span class='ocrx_word' id='word_1_320' title='bbox 1003 3596 1111 3662; x_wconf 88' lang='lat' dir='ltr'>addidi,</span> <span class='ocrx_word' id='word_1_321' title='bbox 1130 3594 1198 3664; x_wconf 88' lang='lat' dir='ltr'>quia</span> 
     </span>
    </p>
   </div>
   <div class='ocr_carea' id='block_1_4' title="bbox 181 3664 1215 3811">
    <p class='ocr_par' dir='ltr' id='par_1_6' title="bbox 181 3664 1215 3811">
     <span class='ocr_line' id='line_1_38' title="bbox 181 3664 1215 3737; baseline -0.005 -20"><span class='ocrx_word' id='word_1_322' title='bbox 181 3664 252 3717; x_wconf 91' lang='lat' dir='ltr'>Don.</span> <span class='ocrx_word' id='word_1_323' title='bbox 277 3666 374 3719; x_wconf 90' lang='lat' dir='ltr'>statim</span> <span class='ocrx_word' id='word_1_324' title='bbox 398 3683 508 3721; x_wconf 87' lang='lat' dir='ltr'>versum</span> <span class='ocrx_word' id='word_1_325' title='bbox 526 3671 578 3721; x_wconf 79' lang='lat'>851</span> <span class='ocrx_word' id='word_1_326' title='bbox 606 3669 712 3721; x_wconf 84' lang='lat' dir='ltr'>tractat</span> <span class='ocrx_word' id='word_1_327' title='bbox 740 3666 899 3737; x_wconf 74' lang='lat' dir='ltr'>(ef.1,2tl</span> <span class='ocrx_word' id='word_1_328' title='bbox 1008 3672 1047 3718; x_wconf 65' lang='grc' dir='ltr'>ἰιι</span> <span class='ocrx_word' id='word_1_329' title='bbox 1068 3667 1215 3729; x_wconf 55' lang='lat' dir='ltr'>totumne</span> 
     </span>
     <span class='ocr_line' id='line_1_39' title="bbox 181 3736 1188 3811; baseline -0.001 -23"><span class='ocrx_word' id='word_1_330' title='bbox 181 3737 286 3789; x_wconf 81' lang='lat' dir='ltr'>austris</span> <span class='ocrx_word' id='word_1_331' title='bbox 304 3737 404 3806; x_wconf 88' lang='lat' dir='ltr'>scripsi</span> <span class='ocrx_word' id='word_1_332' title='bbox 424 3740 578 3794; x_wconf 91' lang='lat' dir='ltr'>secundum</span> <span class='ocrx_word' id='word_1_333' title='bbox 596 3737 875 3811; x_wconf 82' lang='lat' dir='ltr'>interpretationem</span> <span class='ocrx_word' id='word_1_334' title='bbox 888 3758 919 3792; x_wconf 78' lang='grc' dir='ltr'>ι</span> <span class='ocrx_word' id='word_1_335' title='bbox 932 3736 1031 3789; x_wconf 66' lang='lat' dir='ltr'>inixa.</span> <span class='ocrx_word' id='word_1_336' title='bbox 1122 3759 1127 3767; x_wconf 85' lang='lat'>·</span> <span class='ocrx_word' id='word_1_337' title='bbox 1184 3756 1188 3761; x_wconf 91' lang='lat'>·</span> 
     </span>
    </p>
   </div>
   <div class='ocr_carea' id='block_1_5' title="bbox 0 0 1375 4159">
    <p class='ocr_par' dir='ltr' id='par_1_7' title="bbox 0 0 1375 4159">
     <span class='ocr_line' id='line_1_40' title="bbox 0 0 1375 4159; baseline 0 0"><span class='ocrx_word' id='word_1_338' title='bbox 0 0 1375 4159; x_wconf 95' lang='lat' dir='ltr'> </span> 
     </span>
    </p>
   </div>
  </div>
 </body>
</html>
