2734 4159
558 344 742 399 AENEOEOS
761 345 800 398 111
1125 343 1193 409 345

173 534 264 591 quem
287 515 383 573 solum
406 515 460 573 sub
483 518 571 574 torva
594 515 693 573 fronte
711 515 855 573 latentem
873 514 988 588 habuit,
1007 518 1194 573 caecaretur:

172 604 374 681 periculosum
398 604 457 663 fuit
480 605 616 679 quamvis
640 604 849 677 dormientem,
877 604 1014 678 quamvis
1042 604 1194 680 sepultum

172 695 245 753 vino
273 692 396 771 adgredi
424 694 583 767 violenter,
610 694 738 768 precati,
767 693 881 767 inquit,
908 691 992 766 deos,
1015 696 1195 752 accessimus

173 783 265 842 simul
296 782 429 857 undique
461 782 633 841 circumfusi
665 781 839 857 adpetentes
877 800 926 841 eas
963 784 1095 857 corporis
1128 783 1194 840 eius

145 874 270 948 apertis
299 889 373 947 quas
402 887 622 947 sumpseramus
650 871 687 929 de
715 875 806 945 sorte,
840 871 982 945 quoniam
1013 890 1073 930 non
1100 890 1195 928 unum

174 963 228 1019 aut
260 960 357 1019 simile
390 979 452 1020 esse
482 960 649 1036 periculum
675 960 789 1035 potuit,
821 961 848 1018 si
875 959 1001 1019 adversa
1029 961 1196 1033 cessissent,

174 1049 261 1109 aliud
287 1051 347 1108 fuit
374 1069 477 1109 eorum
506 1052 559 1125 qui
586 1051 678 1125 caput
705 1051 841 1107 tenerent
873 1051 927 1107 aut
958 1067 1078 1122 manue,
1110 1048 1193 1106 aliud

174 1158 278 1199 eorum
310 1140 363 1213 qui
395 1142 508 1198 ceteras
540 1137 716 1214 inpetebant
747 1136 948 1196 membrorum
979 1139 1085 1213 partis,
1137 1137 1196 1195 hoc

173 1229 255 1287 facto
278 1227 500 1287 tenebravimus
525 1228 587 1286 eius
610 1229 712 1285 lumen
730 1228 791 1286 telo
811 1230 907 1285 acuto.
943 1227 1023 1302 quod
1042 1228 1086 1284 ait
1105 1229 1195 1285 acuto

130 1340 160 1380 io
173 1318 236 1376 telo
268 1316 503 1393 tenebravimus,
536 1316 722 1375 celeritatem
752 1317 827 1375 facti
853 1316 951 1375 voluit
977 1316 1196 1390 demonstrare;

173 1408 207 1465 in
230 1406 286 1465 hoc
310 1407 389 1464 enim
412 1406 530 1465 consilii
553 1406 736 1465 consistebat
758 1404 893 1479 effeetus,
916 1425 953 1463 ne
976 1424 1060 1463 mora
1083 1405 1194 1464 facien·

173 1499 240 1554 tum
269 1497 299 1553 et
326 1495 411 1554 dolor
438 1495 570 1553 vulneris
599 1496 736 1570 quamvis
764 1496 896 1571 graviter
923 1495 1120 1553 dormientem
1145 1513 1194 1553 ex-

175 1585 290 1643 citaret.
336 1584 481 1643 hocloco
505 1585 642 1644 nonnulli
663 1584 851 1643 terebramus
873 1584 1009 1658 tradunt,
1033 1581 1098 1657 sed,
1126 1601 1196 1642 cum

175 1672 336 1732 terebratio
369 1673 481 1731 habeat
508 1691 637 1747 moram,
666 1691 743 1749 quae
770 1674 830 1730 fuit
856 1674 979 1733 inimica
1006 1672 1196 1746 facientibus,

133 1784 160 1825 ie
175 1761 285 1820 melius
309 1764 355 1820 est
377 1764 411 1821 ut
434 1763 495 1821 telo
520 1766 607 1821 acuto
630 1781 690 1820 uno
708 1762 790 1820 iactu
808 1762 948 1820 videatur
966 1780 1028 1821 esse
1048 1764 1194 1821 caecatus.

177 1851 258 1927 quod
290 1855 391 1910 autem
424 1853 467 1910 ait
499 1851 553 1909 sub
585 1852 684 1910 fronte
716 1850 832 1909 latebat
863 1851 943 1926 quod
969 1853 1075 1928 ingens
1102 1852 1195 1910 fuisse

176 1940 345 2015 dicebatur,
377 1959 472 2016 usque
505 1940 579 1999 adeo
611 1945 647 1998 ut
679 1939 744 1999 orbi
775 1942 865 1999 lunae
896 1941 944 1999 vel
972 1941 1044 1999 solis
1072 1941 1196 2015 aequari

176 2030 333 2105 potuisset,
351 2029 504 2088 faciebant
521 2047 614 2106 rugae
632 2032 737 2088 torvae
756 2030 864 2089 frontis
883 2032 913 2089 et
931 2029 1067 2107 ingentes
1086 2028 1195 2104 capitis

177 2137 287 2178 comae.
334 2122 360 2178 et
382 2120 499 2178 taudem
521 2119 592 2178 laeti
613 2120 758 2178 sociorum
780 2120 951 2178 edcisea'mar
972 2120 1107 2177 umbras:
1130 2113 1195 2196 †ne

134 2232 163 2271 io
178 2208 299 2283 quidem
325 2208 374 2266 bio
403 2210 548 2283 expressit
574 2208 739 2283 perfectam
769 2208 924 2267 ultionem.
969 2208 1020 2267 sed
1045 2208 1149 2281 facite,
1178 2224 1195 2264 o

176 2298 286 2365 miseri,
308 2299 400 2372 sapite
423 2301 508 2370 atque
530 2298 568 2355 ab
591 2299 673 2356 litore
690 2298 793 2370 faecem
810 2299 949 2370 rumpite:
972 2296 1045 2355 dicit
1066 2314 1186 2355 causam
1196 2301 1252 2351 640

176 2388 379 2462 persuasionis
408 2404 492 2461 suae,
519 2406 557 2445 ne
580 2387 774 2445 aestimarent
796 2389 915 2445 caecato
938 2386 992 2444 illo
1015 2386 1092 2443 nihil
1115 2386 1196 2444 ultra

178 2494 241 2534 esse
274 2475 479 2550 metuendum3
516 2474 769 2533 commorantibus
802 2478 833 2533 et
859 2474 927 2533 aliis
957 2474 1136 2550 Cyclopibus
1163 2476 1196 2533 in

177 2565 230 2623 illo
253 2565 319 2625 loco
342 2583 402 2624 non
424 2566 527 2640 posset
549 2564 651 2623 abesse
674 2564 812 2623 formido.
852 2564 932 2639 quod
949 2566 1074 2623 iteravit
1091 2563 1196 2643 fugite,

135 2675 164 2718 ae
178 2654 310 2714 ostendit
336 2672 451 2713 moram
479 2653 568 2731 fugae
597 2671 657 2712 non
684 2672 748 2713 esse
773 2653 942 2712 faciendam
971 2653 1083 2712 addens
1114 2654 1196 2711 funis

178 2743 216 2801 ab
243 2743 332 2801 litore
359 2742 586 2817 praecidendos,
619 2742 699 2818 quod
726 2746 842 2801 mature
873 2742 938 2801 fieri
964 2744 1078 2819 potuit,
1106 2761 1196 2818 quam

178 2831 336 2891 solvendos
354 2849 422 2890 cum
440 2850 533 2889 mora.
572 2832 700 2891 subiecit
717 2850 839 2891 causam
861 2834 985 2907 propter
1007 2851 1098 2908 quam
1122 2832 1196 2891 cele·

177 2939 240 2979 rem
260 2920 405 2980 suadebat
422 2920 605 2980 abscessum:
624 2940 696 2981 acea
714 2922 810 2995 quatis
828 2925 1010 2995 uacuasque
1028 2939 1097 2980 caeo
1111 2922 1197 2994 Poly-

251 3098 266 3144 6
285 3093 378 3160 posuit
395 3091 421 3143 u
434 3094 530 3161 potuit
547 3110 568 3145 r.
638 3097 654 3145 8
673 3092 843 3161 inpetiebaat
861 3090 914 3144 LR
931 3091 1097 3158 impetebant
1113 3106 1128 3142 r
1146 3092 1196 3143 im·

174 3164 332 3232 pertiebaat
349 3162 392 3216 ed.
457 3167 490 3215 10
509 3164 644 3217 celeritate
663 3163 693 3217 L.
754 3168 786 3217 11
805 3163 968 3228 facientium
987 3161 1031 3215 ed.
1093 3166 1125 3214 13
1145 3166 1196 3215 ter·

178 3235 319 3289 rebramas
337 3234 397 3286 LR.
466 3238 499 3287 15
518 3235 590 3287 tecta
608 3232 660 3285 LR
682 3235 739 3287 icta
758 3250 771 3286 r
789 3233 833 3286 ed.
857 3234 932 3287 iactu
949 3248 1002 3285 nos
1026 3231 1061 3286 cf.
1082 3237 1142 3286 663.

180 3310 285 3359 19-20
303 3306 447 3374 mquidem
465 3306 509 3359 bic
522 3303 574 3356 LR
593 3303 668 3371 quod
687 3322 701 3356 r
720 3303 868 3358 adnotavit
885 3302 943 3373 legi
960 3319 1017 3357 non
1036 3304 1131 3372 potest
1148 3319 1200 3356 uec

179 3377 287 3447 quidem
306 3377 351 3431 bic
369 3376 412 3430 ed.
432 3376 553 3429 fortasse
570 3391 605 3428 ae
624 3375 692 3443 quid
709 3378 849 3441 omitteret,
867 3374 916 3429 aed
931 3390 1042 3427 erucem
1056 3374 1199 3443 adponere

178 3448 267 3502 malui
286 3464 372 3515 quam
390 3448 499 3501 incerta
516 3460 628 3515 ponere.
738 3452 771 3499 22
791 3447 935 3501 aestimare
953 3444 1006 3498 LR
1024 3446 1166 3500 aestimari
1184 3462 1200 3497 r

180 3520 284 3585 (nescio
304 3519 371 3589 quid
393 3519 448 3573 sibi
466 3517 546 3587 velit)
565 3518 741 3572 aestimarent
759 3517 802 3570 ed.
876 3521 910 3570 23
929 3522 955 3570 et
968 3515 1021 3569 LR
1039 3519 1111 3571 caim
1130 3515 1198 3570 eor.

234 3596 267 3644 25
287 3591 449 3664 ossffteadit
468 3606 532 3643 cum
549 3604 648 3642 rasura
667 3588 786 3641 duarum
804 3586 965 3642 litterarum
983 3588 1005 3640 L
1028 3587 1093 3643 oatd
1110 3594 1197 3642 cetea

179 3663 222 3788 dg
239 3663 281 3786 R<¹1
363 3667 397 3714 26
416 3660 566 3745 maturati
590 3676 649 3715 -rac
667 3659 690 3713 L
709 3662 781 3715 riae
799 3660 843 3714 ed.
934 3664 968 3712 2‘1
988 3660 1128 3715 solvendos
1146 3658 1200 3711 LR

179 3749 288 3788 -oe.
