2734 4159
580 349 763 407 Aruernos
781 351 821 406 u1
1145 352 1213 420 295

192 522 231 579 ut
253 519 387 579 dicamus
409 523 530 595 poetam
552 520 766 580 obscuritatem
789 520 866 581 aeris
890 522 987 580 ventis
1010 522 1211 583 saevientibus

192 609 308 667 factam
335 608 462 668 nimium
485 610 595 669 satiare
619 611 762 669 voluisse:
795 613 926 671 ceterum
950 612 1002 687 qui
1024 610 1089 671 fieri
1111 613 1211 690 potuit

192 716 249 773 per
276 696 336 756 diei
361 701 480 773 tempus
508 698 550 758 sic
578 699 710 758 accidere
737 699 887 772 tenebras,
915 702 949 758 ut
976 700 1055 759 inter
1075 702 1158 776 ipsas
1181 704 1212 761 et

193 806 298 846 veram
319 790 438 847 noctem
460 787 536 845 nihil
557 786 736 849 interesset?
776 807 890 847 memor
911 791 1013 847 tamen
1035 792 1124 863 poeta
1146 792 1211 865 ipse

141 929 143 931 ,
162 878 268 951 s„t1is
287 874 388 950 adeo“‚
401 877 511 951 inquit,
524 895 630 951 „caeca
648 878 777 954 ealigine
796 875 900 951 soles“‚
914 880 948 936 ut
966 877 1106 954 probaret
1119 880 1210 939 fuisse

192 966 227 1023 in
254 965 382 1041 caligine
410 964 524 1040 aliquid
551 965 628 1025 lueis
656 966 736 1041 quod
762 966 878 1026 dierum
900 969 1036 1042 tempora
1059 972 1212 1043 separaret

193 1075 212 1112 a
226 1053 373 1114 noctibus.
405 1055 455 1113 vel
472 1058 551 1114 oerte
570 1057 613 1115 sic
630 1054 768 1133 intellegi
785 1058 885 1131 potest
904 1055 1019 1114 dierum
1034 1058 1064 1114 et
1077 1058 1209 1116 noctium

193 1161 343 1218 numerus,
358 1143 430 1219 quia
448 1143 524 1202 dixit
538 1144 656 1203 crebras
671 1145 763 1203 fuisse
778 1146 1006 1219 comissationes,
1020 1163 1098 1222 quae
1112 1148 1210 1221 ruptis

192 1231 324 1291 nubibus
346 1233 449 1292 stellas
471 1236 593 1308 possent
615 1232 818 1293 demonstrare
841 1235 890 1293 vel
913 1234 1013 1298 solem.

148 1341 178 1381 ro
260 1320 415 1380 Seruatum
442 1340 476 1381 ee
497 1322 587 1383 wudu
609 1321 807 1395 Strophadum
828 1341 874 1383 me
896 1323 984 1382 litore
1001 1326 1105 1397 prima
1128 1324 1264 1383 ocrim

187 1413 293 1483 pluat:
324 1429 384 1469 non
403 1406 474 1469 ¹uult
497 1411 593 1471 videri
614 1428 818 1487 perseverasse
841 1413 952 1471 malam
976 1414 1137 1487 fortunam,
1160 1412 1211 1472 sed

192 1517 247 1557 neo
269 1501 302 1557 in
325 1502 423 1560 totum
445 1519 619 1577 prosperam
642 1500 821 1577 provenisse.
864 1505 1077 1577 procuraverat
1099 1502 1210 1579 quippe

191 1592 228 1647 ut
251 1606 300 1647 eos
324 1589 499 1665 opulentum
521 1589 593 1649 litus
617 1590 774 1665 exciperet,
799 1591 879 1667 quod
901 1591 1005 1667 procul
1028 1590 1119 1651 dubio
1142 1610 1210 1666 pro

192 1696 314 1752 sperum
345 1678 516 1753 plenissime
548 1680 640 1752 foret,
672 1680 699 1739 si
729 1680 791 1739 illis
819 1682 851 1738 in
878 1680 951 1741 loeis
979 1680 1123 1756 harpyiae
1151 1698 1211 1740 non

148 1767 328 1842 infuissent,
352 1786 426 1841 quas
449 1770 519 1843 post
540 1768 648 1827 Phinei
671 1787 773 1829 casum
795 1770 931 1847 regiones
949 1770 1031 1845 ipsas
1051 1788 1210 1845 occupasse

192 1854 359 1915 constabat.
404 1856 580 1930 Strophadas
606 1858 699 1918 Grato
725 1862 805 1917 suar
825 1861 942 1918 nomiae
964 1860 1058 1918 dietae
1079 1854 1210 1919 insulae:

190 1964 252 2018 me,
275 1946 388 2020 inquit,
410 1946 527 2005 insulae
551 1944 665 2006 Graeca
687 1948 792 2025 lingua
807 1991 1014 2006 ..........
1038 1949 1210 2008 nominatae

191 2037 378 2110 acceperunt
424 2054 498 2109 quos
525 2037 594 2095 dire
623 2035 746 2095 Oetaeae
774 2038 970 2112 harpyiaeque
998 2038 1096 2095 celrrat
1123 2037 1210 2105 oliae,

189 2124 317 2182 Phineia
342 2128 501 2197 postquem
533 2126 635 2184 deuse
666 2126 771 2184 danus
799 2143 971 2199 mersosque
997 2129 1074 2184 metu
1101 2127 1211 2199 liquere

145 2232 176 2273 so
184 2214 319 2287 priores:
341 2214 455 2288 priores
466 2259 561 2273 ......
582 2234 651 2273 cum
673 2214 748 2274 dicit
770 2214 974 2291 harpyiaeque
997 2215 1101 2275 colunt
1124 2215 1210 2290 aliae,

191 2304 312 2361 constat
344 2302 424 2376 quod
455 2305 547 2362 etiam
575 2302 702 2364 Celaeno
734 2304 863 2379 harpyia
894 2303 1000 2363 fuisset
1031 2306 1061 2362 et
1087 2304 1211 2364 haberet

190 2390 356 2450 consimilis
380 2392 464 2451 alias.
503 2392 569 2467 hae,
591 2394 699 2468 inquit,
721 2395 791 2468 post
813 2393 921 2453 Phinei
943 2411 1045 2453 casum
1067 2393 1122 2452 illa
1143 2394 1210 2454 loca

190 2483 359 2539 tenuerant.
405 2483 518 2540 tristius
544 2483 617 2541 tout
642 2483 704 2541 illis
731 2487 892 2541 monstrum
922 2500 975 2541 uec
1005 2484 1120 2542 seeotm
1146 2484 1211 2544 ullo

184 2570 280 2643 pestis
299 2574 325 2628 et
341 2573 391 2630 iro
409 2569 495 2629 deren
512 2569 621 2645 sapsa
639 2589 700 2630 sese
719 2572 819 2631 extulit
836 2572 940 2630 redis:
962 2573 1085 2647 propter
1103 2579 1263 2647 unamult

144 2678 174 2719 sa
191 2676 269 2733 quae
296 2658 358 2717 illis
384 2659 482 2719 multa
508 2660 633 2720 adversa
655 2660 861 2735 nuntiaverat,
889 2660 1082 2720 execrabatur
1104 2663 1209 2722 omnis.

189 2747 280 2821 nihil,
308 2747 421 2823 inquit,
448 2750 532 2823 peius
561 2748 598 2807 ab
625 2750 731 2809 inferis
757 2752 858 2825 potest
885 2750 995 2809 exoriri
1022 2769 1112 2825 quam
1138 2753 1209 2809 suut

188 2837 335 2911 harpyiae
364 2840 393 2896 et
421 2837 495 2898 dicit
523 2856 635 2898 causas
681 2841 807 2913 or'rpr'uet
828 2839 980 2898 voluerum
1006 2838 1118 2898 culm:
1153 2839 1209 2898 hoc

187 2945 250 2984 non
274 2930 351 2985 esset
373 2930 606 3001 monstruosum,
630 2928 657 2987 si
676 2932 773 2987 cetera
796 2929 996 2987 convenirent.
1040 2929 1209 3001 foedissima

186 3017 300 3074 ventris
326 3016 492 3087 proluvies:
528 3018 662 3092 ipsarum
691 3016 781 3076 solita
808 3017 937 3092 scilicet,
967 3036 1044 3093 quae
1071 3016 1147 3075 nihil
1176 3019 1208 3079 iu

264 3244 278 3290 1
298 3240 385 3293 oretis
403 3255 456 3293 om.
472 3238 537 3292 edu.
559 3239 564 3310 1
587 3240 734 3294 εαευίεπιίε
752 3239 818 3293 edF.
893 3246 908 3293 2
928 3241 977 3309 qui
994 3239 1047 3292 Lu
1065 3242 1132 3308 quio
1149 3257 1171 3295 r.

187 3315 206 3362 9
226 3310 318 3364 stillas
331 3309 383 3362 th
397 3327 465 3363 corr.
480 3328 495 3363 r
510 3310 552 3363 ed.
610 3315 643 3363 10
658 3311 754 3378 prima
767 3310 820 3363 LR
835 3312 958 3379 primum
973 3310 1016 3364 ed.
1072 3316 1106 3365 14
1124 3328 1207 3381 arpy-

185 3382 252 3451 9r'ue
271 3382 311 3449 (et
329 3380 413 3450 infra)
433 3382 492 3436 Lu.
568 3387 600 3433 16
619 3382 741 3448 strofadc
759 3381 812 3435 LR
829 3400 843 3436 s
862 3382 926 3436 add.
945 3400 967 3435 r.
1045 3387 1077 3435 17
1097 3399 1138 3436 me
1156 3381 1208 3435 LR

186 3453 241 3506 hee
259 3470 281 3507 r.
308 3456 311 3521 Ι
337 3453 503 3522 Strophades
519 3455 585 3522 post
604 3454 702 3524 linqua
721 3452 858 3507 excidisse
875 3451 995 3507 videtur.
1021 3455 1025 3521 Ι
1049 3454 1208 3509 uorrriaatue

188 3523 215 3575 a
233 3525 349 3578 nemius
366 3524 396 3578 L.
459 3530 493 3578 20
508 3526 617 3593 priores
633 3523 678 3577 his
698 3524 835 3593 scriptum
852 3524 883 3580 in
901 3524 953 3577 LIt
971 3526 1036 3593 post
1054 3525 1208 3584 secundum

186 3595 294 3649 lacuna
313 3612 362 3649 sex
379 3595 539 3651 litterarum
553 3595 583 3648 in
597 3595 622 3648 R
640 3595 760 3650 fortasse
774 3596 889 3662 sterias?
907 3595 1039 3649 lacunam
1053 3594 1174 3665 signavi.

187 3672 223 3720 22
238 3668 290 3721 hoe
303 3667 325 3719 L
339 3668 425 3722 tecR
438 3669 503 3723 haee
516 3686 531 3721 r
545 3667 587 3723 ed.
640 3673 673 3721 23
689 3666 900 3725 reaccensum
909 3673 992 3723 aaut
1006 3667 1054 3722 eh.
1097 3672 1137 3719 ‘aa
1151 3667 1230 3731 'apso-

183 3756 248 3791 mm
264 3738 292 3788 R
309 3756 400 3790 -arma
417 3756 434 3791 r
446 3766 481 3785 =
495 3740 524 3793 L.
542 3745 550 3809 l
568 3741 624 3798 soli
642 3741 697 3797 LR
717 3760 773 3800 om.
791 3742 838 3801 eu.
858 3743 949 3801 sollte
963 3742 1059 3810 nost
1075 3738 1112 3791 tu
1130 3729 1256 3788 emsa
