2734 4159
576 324 761 380 AENEIDOS
778 325 805 379 Π
1136 324 1200 389 217

184 499 355 555 sacraverat
381 494 511 554 foedarit
538 495 684 572 sangnine
711 512 774 554 auo.
819 498 922 553 tenent
945 492 1044 553 Danai
1070 510 1130 570 que
1152 494 1202 552 de·

183 585 247 644 ficit
269 584 363 661 ignis:
385 602 446 644 non
469 584 545 643 dixit
566 587 671 644 tenent
688 583 788 642 Danai
811 602 872 660 que
889 584 968 661 ignis
985 603 1047 644 non
1064 584 1132 658 fuit,
1151 583 1203 643 sed

185 692 245 750 qua
277 672 389 748 deficit,
420 677 456 732 ut
483 674 652 733 ostenderet
678 675 780 732 omnia
806 675 869 731 iam
895 673 988 732 fuisse
1018 676 1202 749 consumpta.

182 763 264 840 ignis
292 762 372 820 enim
399 762 452 822 ubi
477 762 616 822 habuerit
638 762 719 838 quod
743 762 892 837 absumet,
916 764 1012 839 viget,
1036 762 1203 838 absumptis

155 855 286 913 sautem
314 852 422 927 quibus
449 851 638 911 nutriebatur
665 855 696 911 et
722 851 844 930 vigebat
876 852 976 909 valere
1006 870 1067 910 non
1093 853 1201 927 potest.

182 941 240 1000 illa
271 960 342 1017 ergo
373 942 459 1017 perte
487 941 572 1000 ibant
600 940 708 1000 Graeci
737 960 796 1016 qua
822 941 900 1018 ignis
927 939 1077 999 defecerat
1105 959 1209 1015 neque

183 1030 282 1089 adhuc
313 1033 469 1105 supererat
500 1029 579 1105 quod
612 1030 715 1089 ardere
747 1033 856 1105 posset.
910 1048 1091 1105 exponamus
1123 1048 1202 1088 nunc

183 1137 262 1196 quae
284 1119 316 1177 in
338 1119 417 1178 hunc
440 1120 539 1178 locum
562 1119 721 1178 tractanda
744 1119 929 1193 distulimus3
952 1120 997 1176 ait
1019 1120 1100 1177 enim
1121 1118 1203 1193 „vidi

182 1211 249 1284 ipse
276 1208 427 1267 furentem
454 1208 543 1267 caede
566 1208 798 1285 Neoptolemum
825 1208 1017 1285 geminosque
1042 1207 1074 1265 in
1096 1208 1201 1265 limine

141 1318 170 1359 io
183 1295 336 1371 Atridas“,
359 1300 389 1355 et
412 1300 458 1355 est
479 1297 544 1356 vidi
565 1298 805 1373 Neoptolemum,
828 1297 893 1355 vidi
915 1296 1048 1374 geminos
1069 1296 1202 1372 Atrides,

182 1390 220 1445 ut
243 1385 289 1444 bis
312 1387 505 1463 intellegetur
527 1386 599 1445 vidi.
638 1386 690 1445 sed
713 1390 744 1445 et
766 1385 888 1445 Atridas
911 1385 1052 1445 debemus
1074 1386 1202 1445 furentis

182 1476 357 1552 intellegere
389 1479 424 1534 ut
452 1476 690 1551 Neoptolemum.
740 1475 805 1535 vidi
836 1473 992 1533 Hecubam
1024 1479 1202 1550 centumque
1236 1467 1240 1471 ’

183 1583 277 1623 nurus
300 1563 525 1640 Priamumque:
552 1565 602 1623 hic
624 1584 743 1641 quoque
766 1568 813 1623 ter
835 1564 1040 1639 accipiendum
1063 1567 1108 1624 est
1129 1564 1202 1639 vidi,

137 1717 140 1726 ,
182 1656 220 1711 ut
248 1655 288 1712 sit
314 1653 378 1712 vidi
400 1653 569 1729 Hecubam,
590 1654 654 1713 vidi
676 1672 779 1726 nurus,
802 1654 866 1712 vidi
887 1654 1049 1712 Priamum.
1094 1653 1202 1713 hucus-

141 1764 168 1804 11
185 1762 243 1818 que
265 1742 500 1820 intellegendum
523 1747 568 1802 est
590 1744 662 1819 vidi,
687 1743 768 1819 quod
790 1744 889 1818 ipsum
912 1744 1010 1802 noluit
1028 1743 1130 1803 crebro
1149 1763 1203 1819 po·

183 1851 264 1905 nere,
286 1852 323 1890 ne
346 1832 471 1891 inferret
493 1832 619 1892 dictioni
640 1831 825 1892 foeditatem.
859 1834 933 1891 item
956 1832 1033 1891 dixit
1055 1835 1202 1907 quinqua-

183 1922 271 1999 ginta
297 1922 345 1980 illi
370 1921 512 1995 thalami,
539 1940 606 1998 spes
629 1923 717 1980 tenta
739 1924 895 1996 nepotum,
922 1921 1079 1980 barbarico
1102 1924 1203 1997 postes

184 2029 259 2069 auro
282 2010 445 2086 spoliisque
469 2011 589 2086 superbi
610 2012 809 2087 procubuere:
832 2010 921 2068 sicuti
940 2009 979 2068 ad
998 2012 1099 2068 omnia
1117 2014 1202 2086 epta·

183 2103 251 2157 tum
274 2102 319 2157 est
341 2099 414 2174 vidi,
437 2100 481 2157 ite
505 2103 535 2157 et
558 2102 590 2158 in
613 2102 764 2159 communi
792 2098 928 2158 omnibus
951 2099 1111 2175 respondet
1133 2117 1202 2173 pro-

140 2189 312 2249 secubuere
344 2189 401 2248 hoc
431 2188 533 2249 modos
570 2189 805 2266 procubuerunt,
837 2190 950 2264 inquit,
983 2189 1203 2264 quinquaginta

183 2276 311 2336 thalami
339 2296 408 2336 cum
434 2280 522 2337 tante
545 2281 689 2353 nepotum
712 2296 777 2354 spe,
799 2277 1025 2352 procubuerunt
1049 2282 1079 2335 et
1101 2279 1202 2351 postes

182 2366 340 2425 barbarico
364 2385 437 2426 auro
461 2368 582 2442 superbi
605 2371 636 2425 et
658 2367 772 2444 spoliis.
818 2386 924 2447 aurum
946 2365 1137 2424 barbaricum
1165 2365 1203 2423 ad

184 2459 325 2516 ornatum
347 2458 478 2531 postium
501 2459 632 2532 pertinet
650 2476 812 2531 eorumque
831 2456 986 2529 fabricem,
1005 2473 1066 2531 qua
1083 2456 1204 2514 fuerant

184 2545 314 2619 superbi
360 2545 475 2603 fabrice
504 2541 606 2604 autem
633 2545 791 2604 barbarica
806 2590 925 2604 ......
931 2591 939 2622 ,
966 2548 1001 2604 ut
1028 2563 1135 2603 nomen
1164 2546 1204 2603 sit

141 2654 169 2694 se
184 2634 274 2707 artis,
295 2652 370 2708 opus
389 2637 502 2710 quippe
519 2634 599 2710 quod
611 2634 801 2695 barbaricum
816 2634 1046 2693 dieitur'ceteris
1060 2636 1203 2710 praestat.

183 2726 260 2781 item
283 2724 387 2798 spoliis
411 2724 539 2798 superbi,
557 2724 589 2782 id
610 2727 654 2783 est
673 2725 785 2802 glorias
805 2724 994 2783 ostendentes
1013 2728 1203 2799 praetereun-

184 2812 266 2871 tibus
290 2831 392 2871 eorum
415 2813 604 2871 dominorum
627 2814 679 2889 qui
697 2815 753 2872 illa
769 2813 932 2890 pugnando
951 2817 1042 2888 atque
1059 2812 1204 2872 vincendo

183 2901 380 2959 retraxissent
402 2902 538 2962 hostibus
562 2905 718 2978 superatis.
756 2903 877 2978 superbi
901 2922 971 2979 ergo
996 2905 1104 2961 ornatu
1128 2902 1202 2961 artis

186 2994 277 3065 atque
300 2991 452 3067 materiae,
476 2992 597 3067 superbi
620 2993 710 3051 etiam
734 2992 848 3067 spoliis,

259 3148 273 3195 1
293 3143 415 3209 foedaret
432 3143 486 3196 LR
503 3143 638 3208 foedasset
655 3143 699 3197 ed.
718 3144 840 3209 foedarit
857 3159 917 3195 nos.
973 3148 989 3196 6
1008 3144 1135 3210 deficeret
1152 3142 1205 3195 th

185 3215 308 3282 &ficeret
326 3214 369 3267 ed.
434 3221 465 3267 11
485 3215 535 3268 ahi
553 3215 729 3285 intellcpctar
746 3214 799 3267 th
817 3232 844 3267 a.
864 3215 1032 3285 iutellepitar
1051 3214 1094 3267 ed.
1113 3220 1145 3268 ut
1164 3216 1205 3268 bis

185 3286 362 3355 iutellcpatar
380 3302 438 3340 nos.
513 3289 546 3338 19
565 3287 598 3339 ie
615 3288 804 3340 commonibus
821 3285 843 3337 L
862 3286 905 3339 ed.
925 3288 957 3339 ie
975 3286 1112 3339 colomani
1129 3285 1155 3337 R
1173 3286 1204 3338 ie

185 3358 324 3411 cemorani
341 3358 468 3411 omuibus
485 3355 516 3424 r',
536 3357 612 3424 qnod
631 3356 825 3426 recipiendum
843 3357 951 3426 putavi,
966 3359 997 3410 ie
1010 3356 1148 3410 commum*
1160 3356 1205 3409 hic

185 3428 313 3482 cometae
325 3445 347 3481 r.
394 3434 428 3481 23
442 3429 553 3495 fabrico
562 3446 619 3497 qua
627 3428 677 3481 LR
688 3429 825 3495 fabricem
835 3445 890 3497 qua
899 3428 943 3481 ed.
988 3433 1022 3481 24
1031 3430 1096 3496 post
1106 3428 1205 3480 barba·

184 3501 245 3553 rica
264 3514 312 3552 sex
330 3499 389 3552 fere
403 3499 564 3552 litterarum
578 3500 702 3569 spatium
715 3502 799 3553 vacat
812 3499 874 3552 inb
888 3517 921 3553 ca
935 3504 974 3552 est
986 3498 1032 3553 vel
1044 3497 1136 3552 simile
1153 3498 1204 3551 ali-

186 3570 256 3639 quid
266 3570 403 3624 excidisse
413 3573 506 3639 patet:
522 3570 674 3640 0111777.
718 3576 751 3624 26
765 3573 883 3643 yloriom
893 3571 937 3625 ed.
975 3575 1010 3623 ‘le
1024 3568 1217 3624 detruatsscnt

186 3641 229 3695 cd.
246 3642 281 3695 cf.
293 3647 353 3696 389.
368 3644 375 3710 1
392 3648 492 3696 ornatu
505 3643 577 3699 artat
588 3644 611 3698 L
626 3643 670 3701 cd.
686 3651 770 3701 meat
783 3645 879 3702 scoriis
889 3643 920 3699 lt
934 3644 1088 3700 ornatibus
1101 3638 1198 3692 cortu
1206 3654 1238 3686 r.

234 3718 270 3761 29
286 3714 416 3765 mammea
432 3712 486 3765 LE
505 3715 548 3769 ed.
569 3720 692 3777 materia
711 3738 736 3776 r.
758 3722 764 3795 1
788 3719 930 3793 superbio
946 3717 1009 3772 bu
1029 3709 1151 3783 supcrbt
1166 3722 1186 3755 r
1206 3704 1260 3753 ab.
