2734 4159
564 339 747 397 issileibes
766 341 805 395 VI
1136 340 1205 405 543

182 530 252 571 mm
278 511 394 571 weard
424 512 557 585 dammis
583 508 710 586 [pinque
740 521 885 586 cepnae
916 512 1011 569 oleum
1041 510 1203 585 infunderes

184 600 357 661 ardentibus
379 597 482 675 etsJ:
513 601 574 676 ipsi
601 602 666 677 regi
693 595 857 662 interorum
883 606 1030 660 nocturna
1058 598 1204 660 sacrificis

184 689 319 749 instituit
336 687 481 764 exhiberi,
506 707 576 747 nam
596 691 687 749 etism
705 688 762 747 hoc
780 691 898 765 tempus
917 687 996 764 quod
1014 688 1203 749 tenebrosum

186 781 231 838 est
252 778 358 857 inieris
381 778 529 837 convenit
574 778 655 855 qnod
673 780 774 836 autem
793 778 889 837 solida
905 780 1061 837 taurorum
1080 796 1204 853 corpora

165 868 320 944 sinposuit
344 869 398 926 aut
421 866 558 943 ebseqsdi
584 867 666 943 pleni
689 868 749 926 fuit
776 870 830 926 aut
856 867 949 926 moris
977 866 1079 942 aliqua
1107 883 1204 926 saero-

184 976 252 1017 rum
275 956 346 1035 lege
368 951 493 1015 deliniti.
539 956 637 1015 oleum
659 973 730 1015 vero
757 975 817 1015 non
845 955 999 1015 dubitatur
1025 955 1136 1015 ideirco
1159 955 1203 1013 in·

186 1047 300 1121 bisul,
329 1046 365 1105 ut
387 1044 448 1105 aris
470 1047 603 1122 inposita
625 1044 745 1105 facilius
768 1047 968 1105 exurerentur.
1014 1046 1110 1104 omnis
1133 1062 1204 1103 vero

185 1135 246 1195 ista
269 1133 430 1210 descriptio
453 1134 586 1193 ostendit
609 1153 668 1211 qno
691 1154 773 1193 more
796 1134 845 1193 vel
868 1134 975 1210 quibus
994 1137 1047 1193 aut
1065 1132 1204 1210 qualibus

187 1228 217 1283 ct
246 1224 369 1300 quantis
399 1222 580 1282 animalibus
611 1222 704 1283 caesis
739 1223 903 1282 inferorum
933 1225 1087 1281 numinum
1117 1223 1205 1282 favor

155 1328 176 1371 s
187 1312 283 1390 possit
301 1311 427 1388 adquiri.
465 1330 526 1372 ecee
539 1316 651 1372 cuum:
674 1311 853 1387 ubicumque
871 1314 994 1388 ponitur
1010 1330 1076 1371 ecce
1095 1314 1259 1370 autemsbs

187 1400 306 1478 aliquid
328 1420 446 1461 necesse
469 1404 515 1460 est
541 1400 627 1477 sequi
656 1401 736 1476 quod
758 1403 872 1459 metum
900 1401 1017 1460 adferat
1038 1401 1086 1460 vel
1110 1399 1204 1461 admi-

186 1490 343 1551 rationem.
385 1491 480 1564 prime'
502 1485 558 1549 sub
576 1491 691 1549 turem
708 1491 793 1549 solis:
814 1509 852 1549 ne
870 1492 1016 1550 incertum
1035 1493 1113 1550 esset
1132 1490 1205 1565 quid

187 1579 371 1658 significaret
393 1579 447 1638 sub
470 1579 587 1638 lumine
609 1579 690 1654 solis,
714 1579 830 1638 addidit
853 1584 879 1638 et
901 1584 989 1648 ortes,
1012 1582 1048 1638 ut
1070 1583 1206 1656 apertam

187 1670 425 1747 designationem
439 1668 529 1728 horae
543 1669 592 1727 vel
605 1668 750 1745 temporis
760 1668 985 1729 demonstraret.
1012 1671 1113 1745 potest
1127 1669 1206 1727 enim

149 1775 174 1818 re
188 1778 252 1820 esse
270 1759 372 1818 lumen
390 1757 462 1817 solis
481 1759 574 1817 etiam
592 1758 673 1817 horis
693 1758 761 1817 aliis
780 1757 888 1834 quibus
907 1757 1016 1817 dicitur
1034 1758 1106 1818 dies.
1151 1759 1206 1816 seb

181 1849 311 1925 pedibas
332 1850 445 1922 mestre
472 1849 584 1908 solem:
610 1848 727 1925 mugire
755 1850 894 1923 coeperat
921 1846 1055 1907 subiecta
1081 1845 1206 1923 pedibus

186 1941 278 1998 terra
324 1941 351 1997 ct
371 1938 445 2011 sepa
467 1940 567 2011 coeptu
588 1939 698 1996 movet
720 1937 865 1996 silvorum
882 1938 1018 2011 suaeque
1036 1953 1123 1996 canes
1139 1936 1207 1994 cle-

186 2028 327 2102 seraper
344 2026 494 2085 ambram
516 2025 591 2085 haec
608 2025 721 2085 fiebant
743 2044 796 2103 per
818 2025 967 2101 umbram,
989 2044 1082 2102 prope
1104 2026 1206 2084 tamen

187 2115 243 2176 sub
272 2115 344 2174 solis
371 2117 514 2174 exortum.
561 2114 741 2189 existebant,
773 2115 887 2190 inquit,
918 2116 1064 2173 miracula
1097 2115 1207 2189 omnia,

144 2224 172 2266 ss
187 2223 254 2264 enm
284 2204 358 2263 deae
381 2204 501 2263 Triviae
528 2205 591 2262 iam
617 2222 711 2279 prope
733 2203 885 2262 videretur
908 2203 1061 2263 adventus.
1106 2221 1206 2262 move-

186 2294 301 2353 bantur
326 2295 358 2352 et
386 2292 459 2369 iuge
490 2293 647 2366 silvarum,
679 2291 811 2371 mugitus
844 2292 898 2351 sub
928 2291 1053 2368 pedibus
1085 2295 1206 2351 exortus

185 2381 344 2443 ¹hominum
369 2383 450 2441 euris
472 2381 617 2459 tangebat
644 2384 674 2439 et
701 2382 845 2455 mentem,
874 2400 961 2440 canes
990 2401 1044 2458 per
1071 2380 1207 2439 umbram

187 2472 326 2531 ululatus
353 2469 474 2530 dabant.
524 2490 578 2547 per
609 2470 748 2529 umbram
780 2470 818 2529 ad
846 2470 945 2529 omnia
972 2471 1103 2546 pertinet
1130 2488 1207 2546 quae

189 2559 356 2635 descripsit,
374 2559 447 2618 licet
464 2559 555 2619 semel
569 2561 610 2618 sit
623 2558 762 2634 positum.
799 2558 845 2617 his
861 2558 1075 2618 animadversis
1091 2557 1207 2635 Sibylla

143 2668 173 2712 ss
186 2648 339 2709 intellexit
355 2648 454 2724 ipsam
472 2650 573 2708 venire
591 2648 720 2706 inferum
738 2647 905 2724 principem
923 2651 954 2706 et
972 2649 1013 2708 sic
1031 2648 1133 2707 locuto
1148 2650 1207 2706 est:

188 2739 365 2799 mentem
383 2738 439 2797 dec
450 2736 559 2812 procul
572 2754 589 2795 o
601 2737 710 2812 procul
728 2740 784 2796 cete
796 2738 922 2811 profane·
940 2738 1102 2796 conclamat
1117 2740 1206 2796 cates.

188 2826 264 2905 quid
287 2826 345 2885 sibi
366 2826 442 2886 velit
463 2826 628 2902 duplicatio
651 2824 739 2899 dicti,
763 2825 930 2885 evidentius
953 2825 1138 2885 demonstrat
1163 2826 1206 2884 di·

187 2914 283 2977 condo
302 2919 414 2988 totoque
431 2916 560 2975 absistite
579 2916 651 2975 luco.
690 2916 831 2989 quoniam
846 2915 990 2975 adventus
1004 2916 1077 2973 deae
1095 2915 1207 2974 nullius

186 3006 312 3084 profani
333 3005 535 3080 praesentiam
558 3006 682 3080 patitur,
707 3002 862 3078 discedite,
885 3005 997 3079 inquit,
1025 3004 1125 3078 alieni,
1147 3022 1207 3063 non

147 3113 173 3155 so
187 3094 358 3173 paululum,
381 3093 433 3153 sed
456 3092 500 3152 ita
523 3096 558 3153 ut
580 3094 681 3152 lucum
699 3093 799 3168 ipsum
818 3095 937 3169 penitus
956 3093 1107 3153 deseratis.
1152 3092 1208 3153 hoo

264 3303 278 3350 1
285 3314 443 3380 pcoyuc
410 3304 470 3351 -2
494 3299 564 3354 eous
587 3298 667 3353 deest
689 3314 720 3350 ιιι
739 3296 773 3365 V
796 3298 846 3352 sed
865 3298 1022 3367 explicatur
988 3298 1209 3364 umimseadecs

186 3368 293 3438 scripsi
311 3371 426 3439 propter
444 3370 576 3435 infusum
660 3374 676 3424 6
696 3370 804 3436 definiti
821 3367 847 3421 V
865 3370 979 3437 definita
997 3340 1040 3423 ed
1120 3374 1136 3421 8
1156 3385 1209 3436 quo

186 3458 265 3497 more
278 3439 304 3494 V
317 3459 373 3510 qua
390 3447 474 3496 ewra
492 3441 536 3497 ed.
594 3447 609 3494 9
628 3457 771 3495 numerem
789 3439 910 3507 fucorV
927 3442 1074 3495 seminum
1090 3440 1113 3507 f
1128 3439 1171 3494 ed.

189 3518 225 3567 13
245 3518 271 3566 ct
288 3519 364 3567 ortus
382 3512 451 3567 Vct
470 3529 523 3568 om
539 3513 582 3567 ed
653 3517 687 3565 14
706 3512 920 3581 despectionem
938 3511 964 3566 V
981 3512 1209 3594 siqeificatiocem

186 3582 248 3639 ΗΟ
268 3582 310 3637 ed
385 3589 417 3638 19
436 3584 539 3639 subolis
557 3582 583 3637 V
600 3585 651 3639 sub
669 3583 736 3637 sotis
754 3583 796 3636 ed
828 3585 831 3651 Ι
865 3589 961 3638 corona
979 3583 1005 3638 V
1023 3589 1145 3639 coortum
1164 3575 1208 3636 ed.

246 3656 312 3708 20'
300 3672 357 3708 sam
375 3672 428 3710 om
444 3655 487 3709 ed.
561 3660 595 3708 22
617 3671 696 3710 caess
714 3654 747 3709 V
821 3660 855 3707 25
874 3655 995 3721 inseram
1013 3653 1039 3707 V
1057 3655 1210 3737 inferorum

189 3726 236 3781 ed.
293 3729 327 3779 30
345 3729 410 3796 post
428 3728 559 3782 deseratis
577 3724 712 3779 dimidius
731 3741 825 3780 versus
844 3728 928 3779 veeet
946 3741 1009 3779 cum
1023 3741 1122 3781 rasura
1135 3725 1165 3778 in
1174 3724 1207 3779 V.
