2734 4159
596 328 780 385 AENElDOS
799 330 812 384 l
1169 330 1213 395 43

190 501 328 560 natione:
364 501 420 559 tris
453 500 541 559 litore
574 518 677 559 cervos
710 499 855 577 prospicit
886 501 1028 576 errantis,
1061 501 1115 560 hos
1147 504 1212 560 tota

191 592 328 649 armenta
360 593 537 665 sequuntur,
571 607 620 648 eos
652 588 767 648 scilieet
797 592 853 649 tris
882 590 934 665 qui
962 608 1029 649 cum
1056 592 1132 667 ipsis
1159 609 1213 666 per

190 679 264 738 litus
293 679 446 752 errabant,
474 680 550 737 alios
577 697 648 738 vero
672 696 691 736 a
713 681 798 757 tergo
821 682 972 755 pascentis
995 679 1137 739 describit
1159 699 1213 755 per

189 768 295 842 vallis,
324 770 359 826 ut
381 770 422 826 sit
443 768 517 828 ordo
541 771 571 826 et
594 787 612 826 a
635 770 720 846 tergo
745 768 868 845 longum
890 788 944 845 per
967 770 1056 828 vallis
1078 768 1213 845 pascitur

163 876 315 936 sagmen,
337 876 397 915 non
422 856 500 915 enim
525 876 626 916 omnes
650 856 790 915 errabant
813 860 866 916 aut
884 876 985 916 omnes
1004 857 1212 933 pascebantur,

192 946 245 1005 sed
269 946 323 1004 alii
346 945 474 1005 subiecti
496 946 617 1005 fuerant
639 947 733 1004 oculis
753 948 824 1019 eius,
844 946 898 1004 alii
915 966 986 1005 vero
1005 948 1125 1006 fuerant
1143 951 1212 1023 post

192 1036 300 1112 ipsum.
346 1035 528 1094 subiciamus
561 1035 742 1111 exemplum:
780 1034 886 1094 similis
920 1036 1000 1094 enim
1032 1053 1134 1095 versus
1167 1040 1212 1095 est

190 1120 260 1204 (ecl.
286 1115 392 1204 2,10)
421 1124 590 1199 „Thestylis
614 1123 670 1197 et“,
698 1124 754 1182 boc
777 1127 823 1183 est
846 1128 876 1183 et
899 1124 1063 1200 Thestylis,
1087 1125 1211 1201 „rapido

189 1215 278 1273 fessis
297 1213 477 1272 messoribus
496 1211 612 1287 aestu“;
636 1215 709 1271 item
729 1205 773 1294 (4,
789 1206 869 1294 418)
893 1213 1061 1290 „puppibus
1085 1217 1116 1273 et
1138 1214 1211 1273 laeti

148 1328 175 1368 ιο
189 1306 302 1362 nautae
333 1302 491 1379 inposuere
524 1300 677 1376 coronas“,
709 1302 765 1361 hoc
798 1305 843 1361 est
875 1306 905 1361 et
937 1302 1100 1379 puppibus,
1138 1303 1211 1361 item

189 1384 331 1473 (3,137)
350 1391 467 1465 „subito
487 1410 554 1449 cum
573 1390 676 1450 tabida
695 1389 862 1465 membris“,
878 1392 934 1451 hoc
953 1395 1084 1451 osteum
1103 1392 1210 1450 subito.

189 1482 249 1557 ipsi
282 1500 400 1557 quoque
430 1481 546 1539 numeri
573 1500 699 1558 gregum
726 1480 931 1540 diversitatem
960 1481 1143 1559 significant,
1175 1482 1210 1540 de

188 1568 358 1629 errantibus
383 1571 493 1646 quippe
517 1570 675 1646 pluraliter
698 1570 775 1629 dixit
803 1575 938 1630 armenta
966 1573 1145 1647 sequuntur,
1173 1571 1210 1629 de

188 1660 380 1736 pascentibus
404 1678 475 1718 vero
499 1660 543 1717 ait
565 1662 596 1718 et
615 1678 633 1718 a
652 1662 737 1737 tergo
756 1660 879 1737 longum
897 1680 951 1736 per
970 1661 1058 1720 vallis
1077 1660 1211 1736 pascitur

146 1773 173 1813 rs
189 1768 305 1827 agmen.
351 1750 437 1825 peius
462 1751 561 1806 autem
584 1751 692 1824 poetae
715 1749 824 1807 vitium
848 1751 934 1822 foret,
959 1749 984 1808 si
1008 1769 1068 1809 non
1091 1749 1210 1809 fecisset

189 1839 323 1897 locorum
347 1840 378 1895 et
401 1856 592 1896 numerorum
611 1839 840 1913 separationem,
858 1857 913 1897 neo
935 1837 1000 1897 fieri
1023 1838 1079 1896 hoc
1101 1840 1210 1898 vitium

188 1927 293 1985 debuit
321 1945 374 1985 neo
401 1927 514 1984 factum
539 1944 601 1986 esse
625 1927 818 1986 manifestum
841 1930 899 2002 est,
927 1930 962 1985 ut
984 1931 1141 2002 tamquam
1164 1929 1210 1985 in·

188 2035 302 2075 memor
325 2015 373 2073 sui
396 2015 543 2093 singulari
566 2035 689 2075 numero
714 2016 904 2075 concluderet
928 2016 1008 2092 quod
1031 2036 1086 2092 per
1108 2016 1209 2091 plura·

188 2108 248 2164 lem
272 2107 440 2179 sumpserat
463 2103 702 2179 descriptionem.
739 2105 771 2163 in
789 2105 878 2164 litore
897 2104 976 2163 enim
999 2106 1113 2180 positos
1133 2105 1209 2163 dixit

143 2218 174 2258 20
189 2193 349 2269 pluraliter
375 2193 429 2252 hos
458 2195 524 2252 tota
552 2196 687 2252 armenta
716 2197 893 2269 sequuntur,
921 2196 953 2252 in
981 2192 1109 2253 vallibus
1138 2212 1208 2253 vero

187 2284 324 2358 pascitur
352 2301 458 2359 agmen
486 2282 632 2360 singulari
658 2302 783 2342 numero
812 2285 965 2358 expressit.
1011 2283 1069 2341 huc
1095 2282 1209 2342 accedit

175 2374 261 2448 ⁴quia
285 2373 338 2446 qui
361 2372 496 2447 pasoitur
517 2391 577 2430 non
601 2375 682 2430 errat
706 2375 736 2431 et
760 2372 811 2447 qui
835 2375 916 2431 errat
938 2391 999 2431 non
1021 2373 1162 2448 pascitur.

256 2460 382 2519 Peracta
414 2462 582 2519 necessaria
614 2480 769 2519 cervorum
806 2464 919 2539 strage,
956 2462 1011 2520 hoc
1048 2464 1093 2520 est
1129 2480 1207 2537 quae

187 2549 327 2609 omnibus
347 2549 484 2608 rlboianis
504 2547 624 2608 uberem
646 2552 744 2609 victus
768 2549 968 2609 substantiam
990 2550 1132 2627 praebere
1155 2571 1207 2627 po-

142 2641 310 2713 intuisset,
346 2639 414 2697 birro
439 2644 559 2710 portum
590 2641 665 2712 petit
698 2643 723 2697 ct
753 2641 844 2698 scobs
875 2642 1009 2713 partitur
1040 2642 1073 2699 io
1105 2644 1207 2699 omnis.

187 2730 304 2787 remeat
332 2727 370 2786 ad
397 2729 497 2801 navis,
525 2728 637 2804 inquit,
661 2730 692 2787 et
716 2745 817 2787 cervos
844 2748 917 2805 quos
945 2729 1136 2789 interfecerat
1164 2730 1207 2787 di-

188 2819 261 2877 visit
278 2819 358 2875 inter
376 2816 479 2876 socios.
516 2817 565 2875 hic
588 2817 775 2896 intellegitur
799 2819 878 2893 quod
901 2819 1081 2878 breviandae
1105 2838 1207 2877 narra·

187 2906 279 2965 tionis
303 2924 393 2965 causa
416 2906 652 2982 praetermiserit
673 2906 826 2984 Vergilius
852 2909 1081 2967 translationem
1104 2926 1206 2983 corpo·

186 3016 268 3070 mm3
306 2997 349 3053 ait
377 2995 456 3053 enim
484 2995 594 3054 occidit
622 3015 724 3056 cervos
753 2999 783 3055 et
810 3000 941 3072 perrexit
968 2996 1006 3055 ad
1031 3000 1154 3073 portum
1178 2999 1208 3056 et

140 3109 172 3149 ao
188 3085 303 3143 viritim
331 3083 413 3143 dedit
441 3086 544 3160 sociiS,
573 3102 640 3143 cnm
669 3088 774 3160 utique
802 3086 910 3161 partiri
938 3106 998 3144 non
1025 3089 1127 3162 posset
1149 3086 1207 3145 nisi

187 3173 268 3250 quod
296 3173 402 3232 fuisset
430 3175 500 3231 ante
523 3175 713 3232 translatum.
760 3194 795 3233 ex
818 3193 852 3232 eo
876 3178 941 3250 ipso
965 3178 1067 3233 tamen
1089 3175 1206 3233 intelle·

186 3263 271 3341 gitur
293 3263 420 3337 factum,
448 3263 519 3320 licet
541 3262 654 3321 dictum
677 3282 737 3321 non
760 3266 800 3322 sit
823 3264 871 3322 vel
895 3267 974 3323 certe
998 3263 1146 3339 conscript
1200 3310 1206 3321 .

185 3376 402 3387 ‚-..-.—--.-.-.

261 3439 274 3485 1
297 3431 592 3486 sterelitatem
666 3438 681 3484 2
707 3434 756 3501 qai
778 3435 917 3501 transpos.
937 3433 980 3487 ed.
1054 3438 1069 3486 6
1094 3433 1208 3488 subiecti

186 3504 240 3557 th
257 3504 380 3573 subrepti
398 3504 441 3557 ed.
476 3506 480 3572 1
514 3520 548 3556 cre
566 3504 652 3557 oculis
670 3504 714 3557 ed.
801 3505 934 3559 trimilia
952 3506 1025 3559 caira
1042 3521 1136 3559 corsus
1154 3504 1206 3557 bit

185 3576 275 3630 simili
292 3592 314 3628 e.
332 3592 400 3629 aare
418 3575 474 3628 ed.:
495 3574 642 3642 sequentia
662 3591 774 3645 quoque
793 3578 898 3630 temere
917 3578 986 3628 mut.
1007 3575 1050 3629 ed.
1124 3580 1156 3628 17
1176 3582 1205 3629 rit

187 3664 242 3700 om.
263 3646 306 3700 ed.
399 3652 431 3699 18
446 3664 499 3714 per
516 3646 607 3714 primo
627 3646 763 3701 omissum
781 3647 848 3703 add.
866 3647 931 3719 ipss
946 3646 978 3701 s
1000 3664 1060 3702 om.
1071 3647 1103 3699 li
1120 3647 1170 3699 ab.

240 3722 276 3770 28
283 3720 474 3783 praeamabit
490 3718 525 3771 ed
