2734 4159
568 348 775 404 PRAEFATIO
1066 348 1181 403 XXXIX

158 522 259 594 fuisse,
283 519 363 595 quod
382 522 413 578 et
430 540 485 595 pro
505 519 555 594 „id
573 516 636 577 est“
655 522 685 577 et
704 537 758 595 pro
777 516 893 592 „idem“
912 536 1001 595 saepe
1020 518 1179 577 invenitur.

159 630 195 669 ne
223 613 325 669 autem
353 611 407 667 aut
430 609 456 667 R
482 611 535 667 aut
559 627 593 668 ex
616 608 702 667 libris
725 604 856 667 HOUM
879 608 988 684 aliquis
1012 608 1103 667 firisse
1126 628 1179 684 pu·

160 703 241 759 tetur
274 717 364 774 supra
396 701 593 773 praecautum
626 701 679 757 est.
725 696 801 755 illud
833 716 904 757 vero
937 687 1067 756 asserere
1099 698 1179 770 licet,

160 791 282 864 propter
309 788 390 848 locos
418 787 616 845 communiter
643 788 680 845 ab
704 786 729 844 L
758 790 788 843 et
811 785 838 841 V
862 786 1077 862 discrepantes,
1105 784 1179 863 quo-

159 897 226 935 rum
250 877 386 952 exempla
409 895 500 951 supra
524 877 628 950 attuli,
654 875 803 934 editorum
827 874 1060 951 „archetypum“
1083 876 1179 934 eidem

160 966 292 1025 familiae
315 965 573 1024 adnumerandum
596 984 660 1024 esse
683 968 774 1041 atque
794 961 930 1023 HOUM.
967 965 1098 1039 „mendis
1118 965 1179 1023 edi-

160 1056 272 1115 tionem
294 1054 528 1131 Neapolitanam
554 1055 599 1113 ita
624 1055 770 1129 repletam
799 1071 875 1126 esse,
903 1056 938 1111 ut
960 1053 1072 1112 Donati
1099 1071 1178 1113 oom-

159 1143 299 1203 mentarii
326 1147 356 1202 et
384 1143 457 1202 editi
485 1145 516 1202 et
543 1162 603 1202 non
630 1142 705 1202 editi
732 1141 929 1217 viderentur“,
959 1143 1023 1201 iure
1055 1146 1177 1217 questus

159 1238 203 1293 est
228 1232 373 1309 Georgius
396 1232 558 1292 Fabricius.
605 1252 697 1308 quam
723 1232 797 1290 bene
825 1232 888 1308 ipse
915 1231 950 1290 de
974 1231 1094 1291 Donato
1117 1252 1178 1291 me-

158 1323 234 1381 ritus
253 1317 381 1391 sit-mox
400 1321 574 1381 videbimus.
609 1342 705 1385 unum
725 1321 817 1379 addo:
841 1324 956 1397 quanta
979 1339 1048 1396 pars
1072 1323 1177 1397 culpae

159 1412 190 1469 in
213 1412 328 1483 Flavio,
352 1414 466 1485 quanta
489 1411 520 1469 in
543 1410 687 1487 scriptore
711 1410 775 1470 eius
799 1410 907 1470 codicis
929 1410 1060 1484 haereat,
1082 1430 1176 1486 quon-

158 1499 219 1559 iam
246 1500 295 1558 hic
322 1499 409 1558 hodie
437 1519 497 1558 non
524 1502 619 1573 extat,
650 1500 810 1575 disceptari
838 1519 898 1558 non
926 1502 1034 1574 potest.
1079 1501 1177 1559 multa

158 1590 198 1647 in-
218 1608 251 1648 10
280 1589 403 1662 omissa,
430 1589 610 1662 deformata,
643 1593 760 1647 mutata
792 1589 882 1648 fuisse
916 1608 950 1647 ex
979 1589 1176 1649 similitudine

158 1678 302 1738 librorum
321 1676 416 1737 HOU
435 1678 648 1753 suspicandum
671 1681 725 1737 est.
763 1678 969 1736 additamenta
988 1682 1097 1752 autem,
1116 1699 1176 1738 non

158 1768 223 1826 dico
248 1787 283 1826 ea
307 1786 383 1843 quae
407 1767 585 1825 emendandi
607 1786 698 1826 causa
720 1766 859 1826 breviora
880 1770 994 1826 inserta
1018 1772 1097 1842 sunt,
1124 1769 1176 1827 sed

158 1856 230 1915 haec
254 1875 331 1931 quae
354 1856 439 1915 nulla
457 1860 581 1933 cogente
600 1875 692 1915 causa
710 1856 893 1931 interpolata
912 1856 1176 1932 deprehenduntur

161 1950 187 2019 1,
204 1938 292 2005 346¹&
323 1947 395 2005 506.
425 1948 455 2019 4,
471 1948 542 2004 221.
573 1947 601 2018 6,
618 1947 691 2004 579.
717 1946 789 2003 647.
815 1946 933 2019 8,323.
959 1948 986 2019 9,
1003 1946 1076 2004 487.
1101 1947 1174 2004 818.

160 2038 209 2111 10,
221 2037 294 2093 325.
316 2036 450 2110 11,126.
471 2035 543 2093 678.
565 2036 637 2093 750.
659 2038 710 2108 12,
725 2036 800 2106 878,
818 2036 923 2094 Flavio
943 2036 1061 2093 crimini
1075 2034 1174 2093 danda

157 2127 235 2183 sunt.
283 2143 385 2182 eorum
408 2124 535 2182 maxime
558 2123 690 2182 notabile
717 2127 767 2197 10,
783 2125 846 2183 325
869 2123 1031 2183 Garcilassi
1054 2125 1172 2200 patroni

157 2213 371 2271 adolescentuli
398 2215 497 2290 gratia
527 2212 685 2271 confictum
712 2216 794 2288 puto.
817 2245 862 2255 —
889 2212 975 2271 Hanc
1004 2212 1173 2288 editionem,

157 2322 247 2377 quam
270 2303 454 2379 incognitam
475 2302 629 2360 Germanis
653 2322 688 2360 ex
711 2302 817 2361 itinere
840 2302 947 2361 Italico
971 2321 1071 2361 secum
1094 2306 1172 2361 attu-

156 2390 251 2465 lerat,
266 2390 308 2463 11.
333 2391 486 2467 Fabricius
511 2388 730 2450 Ghemnicensis
758 2391 844 2451 annis
869 2392 1085 2449 1547—1551
1113 2412 1173 2449 una

157 2500 223 2539 cum
246 2480 372 2557 Vergilii
400 2483 485 2540 textu
512 2484 543 2537 et
566 2480 788 2541 commentariis
813 2480 908 2539 Servii
931 2479 1070 2540 Basileae
1092 2482 1172 2556 apud

156 2566 317 2629 Henricum
337 2569 418 2627 Petri
436 2569 518 2644 typis
536 2570 766 2645 imprimendam
784 2570 910 2629 curavit.
947 2570 1170 2629 vitiosissimam

156 2677 218 2716 eam
244 2677 307 2717 esse
330 2678 431 2717 omnes
451 2658 503 2733 qui
520 2658 552 2715 in
570 2659 724 2717 Donatum
747 2678 868 2734 operam
886 2658 1097 2734 impenderunt
1119 2678 1171 2734 pa-

156 2748 228 2806 riter
250 2748 469 2806 intellexerunt.
507 2747 559 2805 sed
576 2748 661 2822 peius
680 2765 777 2807 seres
796 2748 887 2806 habet
906 2766 994 2823 quam
1015 2749 1063 2806 vel
1083 2748 1170 2807 Thilo

156 2837 328 2911 praesensit,
348 2856 414 2895 eum
438 2837 555 2895 collatis
574 2838 754 2911 quibusdam
768 2837 908 2896 Vaticani
926 2837 1002 2896 locis
1018 2837 1170 2896 Donatum

156 2944 232 2986 nova
260 2925 390 2985 editione
417 2927 574 3002 vulgatum
603 2928 709 3003 „longe
738 2927 829 2985 aliam
862 2926 969 2985 faciem
996 2925 1170 2985 habiturum

156 3013 234 3074 essc“
259 3014 408 3088 scriberet,
431 3016 479 3073 vel
502 3035 529 3074 v.
544 3016 571 3072 d.
586 3015 709 3075 Hoeven
733 3018 876 3092 repperit,
906 3035 973 3073 cum
995 3016 1169 3074 Harlemen·

156 3122 215 3162 sem
244 3106 398 3163 conferret.
444 3124 514 3162 nam
542 3123 602 3162 non
629 3105 717 3164 modo
746 3123 846 3163 eorum
872 3106 1015 3163 vitiorum
1039 3124 1114 3180 quae
1138 3105 1169 3162 in

156 3193 284 3252 editione
302 3194 448 3252 Flaviana
471 3196 630 3253 occurrunt
647 3197 784 3253 sexcenta
803 3194 956 3252 Fabricius
979 3194 1169 3252 inemendata

155 3281 269 3341 dimisit
299 3283 351 3341 sed
384 3282 474 3340 etiam
506 3300 584 3341 nova
615 3283 679 3358 ipse
707 3282 832 3360 ingessit
859 3302 919 3341 non
946 3300 1049 3357 pauca.
1096 3284 1168 3341 satis

155 3368 260 3430 habuit
292 3371 466 3431 manifestos
499 3371 638 3430 editionis
666 3372 828 3430 Flavianae
862 3390 975 3430 errores
1009 3373 1062 3430 aut
1094 3390 1167 3446 quos

155 3461 327 3519 manifestos
362 3460 500 3519 credebat
532 3462 677 3536 conigere
710 3461 801 3536 idque
828 3463 1035 3536 properanter,
1067 3460 1167 3517 indili-

156 3551 510 3626 genter,„saepe,iuepte,
532 3550 680 3625 sententia
702 3569 809 3625 parurn
836 3567 990 3625 perpensa.
1037 3548 1175 3609 codicem.

156 3640 232 3695 enim
255 3639 384 3715 Neapoli
410 3642 483 3714 tunc
509 3638 589 3696 haud
616 3638 704 3719 dubie
729 3639 852 3718 ¹salvum
877 3638 916 3697 ab
940 3657 977 3697 eo
996 3657 1064 3697 111
1084 3637 1178 3694 11111-

155 3727 215 3782 tmn
233 3746 295 3784 esse
312 3728 421 3787 omissa
438 3729 507 3806 ipsa
524 3729 644 3795 maiora
664 3732 858 3814 ostendunt„
872 3733 952 3792 sunt
970 3728 1058 3789 enim
1069 3736 1208 3783 numere
