2734 4159
202 348 250 413 38
485 346 628 401 nouam
646 346 815 401 musaea.
835 345 942 401 vaus.

203 516 428 592 tranquillitate
451 517 580 575 salutem
598 516 736 576 Troianis
758 519 827 591 post
850 516 985 592 pericula
1007 515 1090 574 dedit
1113 513 1224 593 fugatis

204 623 325 681 quoque
352 604 480 664 nubibus
508 609 539 664 et
565 605 689 665 reducto
717 605 787 665 sole.
833 605 889 665 hoe
911 607 1043 681 positum
1067 608 1127 679 est,
1155 606 1225 681 quia

203 696 383 753 meminerat
419 712 450 753 se
482 693 634 771 Vergilius
671 693 781 753 dixisse
814 695 964 769 „eripiunt
1001 693 1101 755 subito
1132 693 1225 754 nubes

204 784 381 859 caelumque
414 781 579 860 diemque“.
633 784 690 843 hoo
723 782 844 858 quidem
875 782 1039 858 Neptunus·
1064 783 1225 858 praestitit,

204 872 258 932 sed
287 871 371 932 aliud
398 876 520 932 eventus
545 873 674 932 advexit.
721 892 792 931 nam
815 871 908 931 delati
930 875 1000 931 sunt
1023 871 1062 930 ad
1084 890 1153 933 oras
1177 870 1259 930 lii-5

204 960 283 1037 byae
306 962 362 1022 hoe
385 966 430 1022 est
454 961 492 1021 ad
514 981 582 1022 eam
603 965 753 1020 terrarum
775 964 893 1036 partem
916 962 948 1019 in
972 980 1031 1036 qua
1049 960 1125 1021 Iuno
1150 961 1225 1021 eole-

203 1050 296 1110 batur
327 1052 451 1110 inimica
482 1051 665 1127 perindeque
696 1052 730 1109 in
762 1067 864 1109 casum
893 1048 1071 1109 deteriorem
1100 1051 1226 1110 coniecti

206 1143 286 1199 sunt.
332 1140 440 1199 defessi
466 1140 625 1199 Aeneadae
654 1157 730 1216 quae
757 1140 895 1215 proxima
923 1140 1014 1199 litora
1042 1157 1130 1198 eursu
1159 1157 1225 1199 eon-

202 1228 332 1288 tendunt
354 1232 470 1304 petere:
499 1229 608 1289 defessi
630 1229 687 1288 hoe
710 1232 754 1287 est
777 1229 848 1287 licet
872 1229 944 1286 fessi
967 1228 1128 1288 admodum
1150 1230 1225 1287 nite·

202 1318 313 1377 bantur
339 1320 441 1376 tamen
468 1322 569 1376 tenere
596 1321 664 1376 tuta
692 1320 853 1391 terrarum,
886 1336 923 1375 ne
952 1337 1012 1393 qua
1039 1319 1150 1376 iterum
1179 1319 1259 1376 visre

203 1412 376 1483 emergeret,
400 1426 459 1482 qua
483 1425 572 1466 causa
595 1408 732 1482 proxima
755 1407 846 1466 litora
865 1424 970 1483 capere
989 1408 1137 1466 maturius
1157 1425 1224 1482 pro·

203 1494 357 1572 perabant.
403 1495 586 1554 contendunt
608 1496 724 1571 posuit,
754 1499 788 1554 ut
812 1495 980 1555 ostenderet
1002 1495 1097 1572 ipsius
1123 1497 1224 1554 cursus

203 1583 424 1658 difficultatem,
462 1604 551 1660 quem
587 1587 661 1644 satis
694 1586 766 1643 fessi
799 1585 937 1660 conplere
970 1583 1144 1643 nitebantur
1178 1584 1224 1644 vel

202 1674 340 1748 maxime,
365 1675 436 1748 quia
458 1675 492 1731 in
516 1693 595 1749 aqua
618 1673 769 1733 diffieilior
793 1692 910 1750 gressus
930 1677 974 1733 est
993 1674 1223 1750 properantibus

204 1779 331 1821 cursum.
1237 1777 1258 1819 rs

149 1857 201 1905 160
269 1850 327 1909 Est
347 1852 380 1909 io
402 1869 514 1910 secessu
537 1853 620 1925 leupo
643 1852 731 1919 locus,
750 1853 851 1910 'insule
864 1857 984 1925 poclum
1003 1852 1092 1924 efficit
1110 1852 1221 1910 obiectu

203 1940 339 2007 labrum
362 1942 468 2013 quibus
491 1943 584 1999 omnis
607 1941 644 1999 ub
668 1941 727 1999 elle
750 1943 901 2015 fruupitur
925 1944 1010 2013 leque
1032 1941 1117 1998 sinus
1143 1941 1219 2000 scio·

202 2030 246 2087 dit
271 2047 332 2089 sese
358 2030 441 2088 unde
463 2031 603 2096 reductos,
621 2031 689 2088 blac
712 2034 797 2103 atque
819 2031 886 2089 blac
908 2034 1008 2088 eustoc
1025 2046 1114 2102 rupes
1131 2030 1220 2103 pemi-

201 2121 289 2193 elquc
311 2121 465 2177 minentur
487 2121 520 2176 le
543 2120 655 2177 coelum
677 2120 797 2192 scopuli,
818 2135 941 2191 quorum
965 2120 1018 2177 sub
1041 2120 1147 2176 uertice
1166 2119 1222 2178 lolc'

149 2213 200 2262 165
211 2224 338 2281 aequora
365 2212 429 2266 tuto
456 2209 556 2275 silent,
589 2213 651 2265 tum
682 2210 765 2266 siluis
797 2225 904 2266 scaeua
937 2210 1063 2267 coruscis
1095 2208 1255 2283 <iesuperu

201 2297 384 2369 horrentique
411 2302 509 2355 ulrum
536 2315 639 2355 nemus
663 2298 784 2355 inculcet
813 2297 935 2364 umbem
967 2297 1062 2368 fronte
1089 2298 1144 2354 sub
1168 2297 1220 2355 od·

202 2402 288 2444 verse
310 2387 437 2459 scopulis
454 2388 650 2458 pendentibus
673 2390 805 2453 cetrum,
833 2388 912 2443 iulus
938 2403 1033 2458 oquae
1055 2384 1154 2445 dulces
1177 2389 1218 2445 oi·

202 2491 292 2547 oeque
322 2475 428 2533 sedilia
459 2493 546 2542 suco,
579 2476 772 2549 nympharum
804 2476 914 2533 domus.
960 2476 1006 2533 lu‘c
1035 2475 1131 2546 fessus
1161 2492 1220 2533 uon

202 2564 320 2621 viuculo
342 2565 428 2623 uosvis
450 2566 513 2623 ello
536 2568 638 2632 teuent,
662 2582 737 2623 unco
760 2580 819 2622 nou
842 2564 955 2637 odlipol
977 2581 1087 2622 eiecere
1111 2581 1218 2623 morsu.

149 2656 201 2706 1⁷0
210 2652 266 2710 buc
288 2655 394 2725 septem
416 2650 534 2711 Aeacos
556 2655 678 2713 collectis
700 2654 827 2713 crucibus
849 2655 928 2711 omui
952 2670 985 2711 ec
1003 2670 1123 2711 numero
1142 2654 1221 2712 subit
1234 2665 1256 2708 n

203 2758 238 2800 uc
255 2759 362 2814 moereo
384 2742 496 2800 telluris
520 2746 670 2802 emarcet
694 2747 799 2802 cetera.
834 2742 869 2800 fit
892 2742 951 2802 loci
975 2741 1135 2817 descriptio
1160 2761 1221 2802 non

203 2830 352 2906 superflua
384 2830 436 2890 sed
462 2834 584 2909 negotio
614 2834 674 2908 ipsi
705 2833 886 2906 necessaria3
923 2851 994 2890 nam
1026 2850 1085 2890 non
1119 2833 1222 2890 omnia

203 2920 281 2993 eiua,
303 2919 355 2978 sed
378 2920 480 2995 aliqua
502 2920 679 2979 referuntur.
725 2921 885 2996 placiditas
909 2922 1020 2996 quippe
1044 2921 1143 2978 fuerat
1172 2939 1222 2997 pe·

202 3007 266 3086 lagi
293 3008 481 3084 procuranda
508 3013 631 3084 propter
659 3014 812 3069 contracta
840 3012 963 3069 navium
990 3010 1066 3067 vitia
1094 3012 1124 3067 et
1153 3009 1221 3071 hor·

203 3097 327 3156 rendam
355 3100 588 3173 quassationem:
625 3099 702 3157 hanc
730 3100 891 3175 praebebat
920 3099 1052 3158 obiectus
1086 3098 1258 3172 laterum!

204 3180 350 3245 secretum
372 3204 442 3246 vero
466 3186 641 3262 proficiebat
666 3187 704 3246 ad
727 3207 794 3246 eam
817 3192 934 3264 partem
962 3190 1033 3262 quia
1061 3187 1225 3247 cavendum

276 3378 292 3426 b
311 3373 525 3428 arborosus.
595 3380 628 3428 10
648 3382 735 3429 tenere
754 3382 815 3430 tutu
835 3382 968 3429 terrorum
991 3375 1040 3427 th
1061 3375 1170 3430 tendere
1188 3374 1226 3430 od

203 3449 303 3499 terram
323 3446 366 3499 ed.
478 3450 510 3499 18
530 3449 647 3515 propter
664 3446 929 3515 interpretationem
947 3449 1013 3499 ante
1032 3448 1096 3501 binc
1116 3461 1226 3502 comma

203 3515 297 3583 posui,
315 3533 372 3570 non
390 3520 535 3585 punctum.
610 3523 643 3570 26
663 3524 793 3572 electore
812 3534 865 3571 om.
885 3517 942 3570 ed:
962 3516 1085 3586 pertinet
1104 3517 1159 3572 hoo
1177 3535 1225 3572 us·

202 3603 259 3652 que
278 3588 441 3658 adponant
459 3594 563 3655 v.173;
592 3588 666 3642 infra
694 3588 769 3642 enim
792 3589 876 3642 verba
899 3590 1039 3659 coreasi-
1049 3596 1171 3656 ponunt,
1193 3591 1226 3644 ut

188 3654 332 3712 dietIonis
349 3659 444 3714 forma
459 3660 551 3728 docet,
568 3676 624 3715 non
638 3677 690 3730 pro
704 3677 776 3714 novo
790 3659 922 3713 lemmate
938 3677 1001 3713 cum
1016 3660 1058 3712 ed.
1075 3660 1226 3716 scribenda

171 3729 254 3779 eunt.
337 3736 372 3785 31
395 3735 468 3804 quia
489 3735 511 3790 L
530 3754 589 3807 qua
608 3752 644 3791 ex
663 3735 733 3805 quio
752 3748 823 3787 corr.
838 3731 866 3784 ll
884 3749 939 3799 qun
957 3732 1002 3785 ed.
