2734 4159
585 334 768 389 AENEIDOS
786 335 799 388 I
1137 334 1198 399 101

185 503 355 578 specialiter
373 507 568 562 numerantur
585 504 663 562 bona
681 506 762 579 ipsa:
780 506 850 563 tura
868 505 958 564 dabat
976 506 1104 578 legesque
1119 507 1200 564 airis.

185 594 251 650 iura
276 592 368 651 dabat
391 593 433 651 sic
456 593 509 650 alii
533 597 697 669 exponunt:
721 593 897 668 imperabat,
917 594 968 651 sed
991 613 1050 653 non
1074 596 1118 652 ita
1142 596 1201 673 est;

184 701 255 740 nam
287 684 341 756 qui
373 683 427 741 sub
458 702 536 740 novo
568 684 695 757 imperio
728 682 858 760 agebant
888 682 1020 742 nondum
1051 683 1202 742 habebant

184 772 264 849 leges
288 774 319 829 et
341 771 408 828 iura
431 772 538 846 quibus
561 774 741 832 tenerentur.
786 771 861 829 haec
884 791 954 849 ergo
976 773 1044 830 iura
1067 775 1098 830 et
1121 773 1202 850 leges

162 861 278 919 sdabat
305 860 360 918 hoo
389 863 434 918 est
460 860 669 919 constituebat.
715 860 886 920 tenentibus
910 861 1020 936 quippe
1043 862 1202 936 imperium

184 951 275 1025 plena
298 953 430 1024 potestas
455 954 499 1008 cst
522 952 589 1007 iura
612 951 740 1009 scribere
764 969 798 1008 ac
820 951 901 1027 leges
925 951 1071 1025 proferre,
1096 950 1202 1026 quibus
1275 946 1279 954 ’

184 1041 291 1096 vivant
319 1039 372 1113 qui
400 1043 495 1116 agunt
523 1039 576 1097 sub
604 1040 744 1114 imperi03
781 1058 841 1097 non
870 1041 948 1097 enim
971 1041 1071 1114 potest
1092 1039 1202 1098 rectius

184 1130 285 1187 vivere
318 1127 375 1186 nisi
409 1147 496 1202 quem
529 1130 612 1187 tenet
642 1128 717 1187 iuris
747 1129 907 1206 legumque
934 1128 1101 1210 necessitas.
1146 1128 1203 1187 hoc

184 1218 280 1295 igitur
311 1218 370 1274 fuit
402 1220 596 1293 praecipuum
627 1219 660 1276 in
693 1220 756 1276 eius
784 1218 937 1291 laudibus,
967 1236 1035 1276 cum
1062 1216 1203 1277 scriberet

148 1326 172 1365 ro
185 1307 266 1383 leges
292 1309 322 1362 et
344 1306 419 1379 iura,
444 1309 515 1380 quia
539 1307 769 1380 adquiescebant
787 1310 846 1366 viri
864 1308 951 1366 iussis
970 1307 1106 1365 feminac.
1137 1324 1203 1365 ecce

185 1413 254 1454 cum
275 1415 293 1453 a
312 1395 439 1470 publicis
456 1396 599 1455 consultis
615 1398 706 1453 etiam
722 1395 760 1453 ad
774 1415 897 1471 operum
915 1396 1048 1454 laborem
1066 1394 1203 1454 venieba-

183 1488 244 1557 tur,
268 1484 444 1543 ostendebat
467 1486 648 1560 aequitatem
674 1504 759 1544 suam
781 1488 811 1544 et
829 1486 861 1543 in
880 1485 1058 1544 consulendo
1077 1485 1204 1559 pruden-

184 1575 274 1631 tiam:
299 1590 426 1646 operuru,
450 1576 559 1648 inquit,
582 1575 711 1631 taborera
728 1576 867 1647 partibus
886 1575 1031 1647 aequabat
1047 1577 1134 1633 tustc's
1152 1577 1206 1632 aut

184 1667 261 1720 sorte
279 1664 417 1721 tradebat.
455 1662 565 1721 iudicio
590 1682 642 1722 suo
667 1664 766 1739 operis
788 1664 884 1740 partis
908 1665 1034 1741 singulis
1058 1663 1203 1723 adscribe·

147 1771 171 1810 re
185 1752 251 1827 bat,
280 1770 357 1826 quae
386 1753 594 1811 aestimatione
622 1751 758 1811 iustitiae
787 1756 909 1828 possent
941 1755 1004 1811 sine
1037 1754 1204 1829 suspicione

186 1842 304 1917 gratiae
326 1840 451 1918 definiri,
467 1862 542 1916 quae
562 1845 663 1900 autem
681 1845 791 1900 natura
810 1861 864 1901 sua
884 1841 1062 1918 adplenum
1082 1844 1206 1916 aequari

185 1949 246 1987 non
269 1932 411 2004 poterant
434 1933 564 1988 retracto
589 1932 714 1989 arbitrio
739 1950 791 1990 suo
814 1931 902 1990 sortis
920 1930 1031 1989 iudicio
1051 1930 1152 2005 dabat,
1171 1933 1206 1988 ut

186 2039 222 2076 ex
246 2039 322 2077 urna
345 2020 416 2078 licet
439 2022 607 2097 graviorem
631 2022 779 2096 accipiens
799 2020 910 2078 laboris
930 2023 1048 2095 partem
1065 2037 1125 2077 non
1143 2022 1205 2078 iam

185 2110 322 2185 reginam
354 2111 518 2183 incusaret,
551 2109 603 2167 sed
636 2111 789 2167 fortunam
822 2127 913 2168 suam.
960 2111 990 2167 et
1022 2109 1095 2165 haee
1128 2110 1206 2167 sicut

145 2217 172 2256 aa
186 2197 319 2271 picturas
344 2217 403 2256 non
427 2200 552 2273 perfecit
575 2201 679 2274 poeta,
702 2217 771 2256 nam
796 2217 863 2272 cnm
885 2198 982 2256 multa
1006 2200 1108 2275 ageret
1126 2196 1205 2256 Dido

185 2287 341 2362 multaque
370 2287 552 2362 disponeret,
579 2306 639 2345 non
663 2289 809 2346 enarratis
834 2286 972 2345 omnibus
997 2305 1072 2361 quae
1097 2285 1206 2363 agebat

185 2376 349 2433 intervenit
371 2379 544 2451 repentinus
567 2380 691 2436 eventus
714 2396 812 2434 rerum
837 2378 867 2435 et
891 2375 929 2435 ad
952 2375 1035 2433 aliud
1057 2375 1207 2434 translata

186 2464 348 2539 descriptio
368 2469 421 2523 est.
454 2484 519 2524 curu
537 2467 631 2524 subita
650 2465 768 2525 Acucas
787 2483 929 2524 couurrsu
947 2466 1082 2524 accedere
1099 2482 1206 2539 magua

186 2553 303 2611 Autbea
330 2554 550 2627 Sergestumque
576 2556 654 2614 ur'det
682 2556 841 2628 sortemque
871 2554 1045 2614 Oloautbura
1074 2554 1260 2613 Teucro-510

143 2662 171 2701 aa
185 2660 310 2714 rumque
334 2646 416 2712 altas,
440 2650 502 2703 ater
520 2662 591 2717 quas
610 2662 734 2718 aequare
752 2646 836 2703 turbo
855 2644 1019 2717 dispulerat
1030 2646 1206 2717 peuttusque

186 2732 265 2789 adias
294 2734 449 2792 abacacrat
476 2751 558 2791 oras:
590 2736 697 2811 agente
720 2733 818 2791 adhuc
839 2732 957 2792 Didone
981 2752 1057 2808 quae
1080 2732 1119 2791 ad
1142 2732 1205 2790 offi-

186 2823 266 2879 cium
289 2823 411 2898 reginae
434 2823 626 2897 pertinebant
649 2822 748 2881 subito
770 2821 887 2881 Aeneas
912 2822 950 2881 ad
973 2841 1037 2881 eam
1057 2823 1204 2881 venientis

186 2910 320 2969 advertit
344 2930 418 2985 quos
441 2914 472 2969 vi
491 2912 592 2989 pelagi
609 2912 738 2986 putabat
757 2911 909 2971 extinctos.
948 2930 1014 2970 ecee
1033 2911 1205 2986 conpletum

186 3002 232 3058 est
257 2999 336 3073 quod
359 3000 478 3058 Aeneae
501 3004 598 3059 mater
619 3001 816 3077 praedixerat.
863 3002 1002 3073 obsb'pua't
1023 3001 1112 3059 struut
1133 3002 1205 3072 epse,

143 3089 274 3148 sociarat
297 3091 452 3161 perculsus
475 3088 614 3148 Aetates:
646 3090 792 3165 obstipuit
819 3092 849 3148 et
875 3090 1029 3165 perculsus
1056 3089 1102 3147 bis
1126 3090 1205 3147 aeci-

260 3303 272 3346 1
294 3297 449 3348 uumeraar't
468 3295 510 3348 ed.
603 3300 619 3348 3
637 3297 753 3364 taiperto
776 3313 829 3350 om.
850 3295 892 3349 ed.
985 3300 999 3347 t
1019 3300 1087 3348 recte
1106 3292 1148 3345 ed.

185 3374 201 3419 9
219 3368 392 3434 priucr'piuru
413 3366 455 3419 ed.
544 3371 577 3424 10
596 3384 653 3421 ecce
670 3367 724 3420 LR
742 3384 798 3421 ecce
816 3369 889 3421 cuiue
908 3366 950 3420 ed.
1041 3370 1072 3418 11
1093 3380 1206 3432 operaria

185 3440 304 3491 treberera
324 3438 375 3489 LR
395 3454 477 3505 opera
497 3438 539 3492 ed.
573 3469 578 3477 .
597 3443 630 3490 14
649 3439 754 3491 iudicio
768 3438 820 3491 LR
834 3446 859 3493 ct
872 3440 890 3491 a'.
907 3438 949 3491 ed.
967 3438 1076 3505 {partis
1089 3434 1142 3488 LR
1156 3436 1204 3489 edl

181 3527 239 3577 par
259 3508 324 3561 edF.
342 3513 345 3577 t
363 3510 533 3564 adscribebat
551 3508 604 3561 LR
622 3511 755 3564 scribebat
773 3528 794 3563 r.
849 3515 882 3563 22
903 3509 982 3563 atiud
1001 3508 1139 3562 traustata
1152 3506 1205 3559 LR

185 3582 243 3634 alio
263 3580 324 3632 LII
338 3596 411 3632 man.
428 3582 465 3634 ad
483 3582 564 3634 aliud
582 3599 596 3633 r
615 3583 673 3635 atta
691 3582 801 3636 sublata
821 3582 864 3634 ed.
937 3586 970 3633 26
990 3579 1135 3633 abucacrat
1152 3578 1207 3630 LR-

186 3653 248 3705 adu
270 3652 312 3704 ed.
405 3656 439 3704 28
457 3654 486 3705 ua'
500 3654 596 3723 pelagi
613 3652 665 3704 LR
683 3654 715 3706 tu
733 3653 829 3725 pelago
848 3652 895 3706 ed.
986 3654 1024 3703 ‘sb
1044 3646 1228 3716 percussum

187 3724 196 3773 l
215 3740 354 3789 superpoa.
374 3723 440 3775 LII
449 3740 524 3779 man.
540 3726 690 3796 perculsus
707 3725 735 3781 R
753 3727 787 3783 in
803 3726 932 3797 interpr.
950 3721 1102 3795 perculsus
1112 3716 1191 3765 ffi-
