2734 4159
566 343 773 401 PRAEFATIO
1115 344 1179 399 XIX

160 514 236 572 illud
264 513 384 590 quidem
413 532 503 589 quam
530 532 584 589 pro
611 517 699 573 tanto
726 531 865 573 versuum
888 533 1025 591 numero,
1053 514 1104 574 sed
1127 533 1178 574 ra·

160 622 259 663 cuum.
305 605 399 663 sensit
427 622 496 680 ergo
524 602 675 678 lacunam,
705 603 756 663 sed
779 602 1007 678 amplitudinem
1031 605 1095 663 eius
1118 623 1178 664 non

158 696 239 752 recte
263 693 443 751 aestimavit
489 710 559 749 nam
582 692 682 768 plures
705 692 825 751 chartas
847 710 956 751 vacuas
980 694 1092 753 excisas
1115 712 1178 753 esse

158 781 241 841 credi
258 798 319 839 non
336 783 445 857 potest,
464 782 543 857 quia,
560 783 587 840 si
604 782 661 839 hoc
680 781 833 854 admittas,
852 783 1081 856 quaternionum
1099 782 1177 842 ratio

157 870 309 930 turbatur.
355 872 459 946 quaeri
490 873 591 947 potest
621 874 722 929 utrum
751 869 970 929 Laurentianus
1003 871 1075 929 olim
1105 872 1177 931 duo·
1212 888 1215 894 ·

158 960 256 1019 decim
269 960 553 1035 interpretationum
571 959 663 1019 libros
682 960 863 1019 continuerit
881 978 920 1018 an
940 960 1071 1035 quinque
1090 961 1176 1020 solos.

157 1048 226 1107 finis
250 1047 322 1106 libri
344 1066 404 1107 non
426 1049 554 1124 impedit
577 1048 650 1124 quin
673 1066 789 1122 omues3
811 1068 882 1107 nam
903 1047 1028 1107 ultimae
1048 1050 1177 1127 paginae

157 1138 225 1198 folii
252 1138 315 1196 160
344 1137 476 1213 spatium
502 1137 569 1213 ipsc
596 1138 705 1195 ultimo
733 1137 823 1197 verbo
852 1134 1009 1213 „explicit“
1036 1137 1081 1197 ita
1109 1158 1176 1198 con-

158 1233 313 1302 sumptum
340 1230 398 1299 est,
425 1229 460 1285 ut
487 1227 612 1302 „incipit
639 1224 757 1287 sextus“
784 1230 816 1285 in
845 1228 993 1303 principio
1023 1230 1177 1301 proximae

157 1315 289 1394 paginae
312 1317 397 1392 sequi
420 1315 562 1374 debuerit.
598 1318 763 1392 potuerunt
785 1334 865 1393 ergo,
885 1319 918 1375 ut
941 1317 973 1373 in
996 1316 1096 1375 codice
1120 1318 1177 1376 Re-

157 1406 277 1483 ginensi
299 1407 364 1463 ueri
388 1404 575 1463 simillimum
598 1407 652 1478 est,
669 1405 781 1480 reliqui
803 1409 917 1481 septem
939 1404 1011 1463 libri
1034 1406 1105 1465 olim
1125 1406 1176 1465 ad·

156 1495 255 1553 iuneti
277 1511 350 1567 esse,
369 1493 420 1553 sed
443 1493 604 1568 perierunt.
641 1513 712 1553 nam
730 1495 863 1552 neforto
883 1512 932 1553 eos
951 1495 983 1552 in
997 1493 1176 1555 Vaticanum

157 1582 372 1643 bibliothecam
398 1584 542 1660 migrasse
571 1586 601 1641 et
628 1585 661 1641 in
684 1582 784 1642 codiee
803 1583 950 1642 Vaticano
973 1601 1052 1642 nunc
1076 1588 1176 1644 extare

159 1672 327 1748 suspiceris,
351 1673 470 1731 etiamsi
493 1673 576 1731 aetas
598 1690 657 1732 non
682 1671 783 1731 obstat
805 1664 865 1752 (est
888 1674 967 1731 enim
990 1673 1092 1732 eadem
1114 1674 1176 1732 fere

158 1761 316 1837 utriusque
338 1752 471 1840 codicis),
494 1761 591 1820 forma
614 1761 686 1819 libri
707 1760 848 1820 Vaticani
866 1762 1004 1837 prohibet
1021 1764 1053 1821 in
1073 1763 1176 1821 altitu-

157 1850 259 1909 dinem
282 1849 519 1909 Laurentianum
543 1850 698 1925 aliquante
722 1869 866 1926 superans
890 1853 920 1909 et
943 1850 1022 1925 quod
1044 1854 1077 1909 in
1091 1851 1175 1909 Vati-

157 1958 232 1999 cano
251 1940 431 2017 paginarum
449 1940 542 2015 capiti
556 1939 593 1997 ab
608 1941 674 2015 ipso
688 1939 811 1998 librario
826 1958 880 2015 pro
894 1940 984 1998 titulo
998 1940 1176 2015 inscriptum

156 2046 221 2088 esse
249 2028 326 2087 solet
354 2030 521 2104 „expositio
549 2030 582 2085 in
605 2028 794 2105 Vergilium“
823 2032 913 2104 atque
946 2028 1174 2104 quaternionum

155 2135 298 2176 numerus
325 2118 358 2175 in
384 2116 442 2175 fine
471 2118 656 2195 singulorum
680 2117 817 2194 adpictus
841 2120 895 2191 est,
917 2118 950 2174 in
973 2116 1175 2177 Laurentiano

155 2210 297 2265 neutrum
320 2207 456 2264 occurrit.
493 2208 666 2266 correctoris
690 2226 811 2265 manum
834 2205 1030 2264 Laurentiani
1052 2206 1121 2265 libri
1145 2210 1177 2267 et

155 2296 240 2373 prior
267 2297 299 2353 et
325 2290 472 2370 posterior
499 2314 569 2372 pars
597 2296 760 2355 subierunt.
812 2296 906 2354 hocne
939 2313 977 2352 an
1010 2296 1070 2355 alic
1097 2296 1175 2355 libro

155 2384 312 2443 Landinus
335 2386 368 2441 in
391 2384 511 2443 edendis
534 2387 680 2462 excerptis
703 2403 774 2444 usus
798 2385 838 2443 sit
862 2403 939 2443 anno
965 2385 1049 2442 1487
1079 2405 1114 2443 ex
1136 2386 1175 2445 iis

156 2492 235 2550 quae
264 2472 300 2530 de
329 2492 365 2531 ea
390 2493 423 2531 re
450 2474 584 2551 Angelus
607 2473 775 2533 Politianus
802 2474 833 2530 iu
861 2473 1059 2534 miscellaneis
1088 2493 1111 2533 0.
1133 2477 1172 2533 77

155 2562 320 2620 memoriae
342 2561 489 2637 prodidit:
512 2564 776 2636 „commentarium
795 2562 897 2620 Tiberi
916 2562 1028 2622 Donati
1046 2582 1124 2622 nunc
1142 2566 1175 2622 in

157 2650 299 2710 manibus
321 2650 413 2710 habet
434 2650 589 2710 Landinus
615 2684 652 2691 -
674 2684 718 2692 —
737 2683 781 2692 —
804 2651 1013 2729 grandioribus
1036 2654 1175 2711 notatum

156 2742 286 2801 vetustis
309 2739 548 2800 characteribus“
572 2760 631 2799 non
655 2744 788 2817 apparet.
835 2745 866 2800 at
889 2741 979 2816 paulo
1002 2745 1070 2816 post
1096 2760 1174 2800 anno

158 2832 243 2889 1496
273 2828 382 2888 Petrus
411 2829 556 2904 Crinitus,
584 2849 672 2905 quem
701 2848 791 2906 supra
820 2831 994 2904 memoravi,
1025 2849 1059 2889 eo
1086 2849 1175 2889 usum

155 2937 220 2977 esse
239 2922 355 2977 certum
373 2922 431 2993 est3
454 2921 551 2994 prima
571 2921 649 2977 enim
672 2939 748 2994 quae
773 2919 858 2978 affert
880 2918 971 2978 verba
995 2920 1098 2992 „illos
1121 2922 1175 2995 qui

154 3006 315 3067 Mantuani
338 3007 417 3066 vatis
440 3008 515 3065 mihi
538 3010 672 3067 earmina
694 3009 883 3066 tradiderunt
903 3011 1092 3083 postquam
1117 3001 1175 3089 (sic

154 3095 377 3171 Mommsenius,
399 3097 525 3156 fortasse
548 3101 631 3173 post
654 3117 756 3173 quem
775 3124 808 3143 =
828 3089 929 3176 Laur.)
953 3097 1021 3155 flios
1046 3116 1174 3172 quorum

155 3184 240 3245 libris
268 3184 456 3244 voluminum
484 3188 545 3262 qui
573 3186 721 3244 Aeneidos
749 3184 970 3245 inscribuntur“
998 3184 1173 3243 Laurentia-

155 3294 228 3333 num
260 3275 352 3334 fuisse
385 3275 598 3334 demonstrant.
644 3276 837 3334 memorabile
867 3276 898 3332 id
930 3293 1060 3351 quoque,
1093 3274 1173 3350 quod

157 3362 290 3422 Crinitus
318 3365 450 3439 quinque
477 3364 569 3423 libros
592 3364 741 3423 Aeneidos
769 3367 801 3422 in
831 3365 883 3423 illo
917 3364 1016 3423 codice
1048 3365 1173 3421 infuisse

157 3454 294 3529 10010101,
312 3454 347 3510 ut
369 3454 430 3511 iam
453 3456 519 3511 turn
537 3452 775 3512 Laurentianum
792 3473 852 3512 nou
871 3453 971 3528 plures
991 3453 1173 3511 continuisse

158 3543 310 3618 appareat.
357 3542 429 3602 haec
457 3542 563 3601 deinde
591 3541 688 3600 addit:
721 3562 773 3616 „ex
797 3542 981 3617 supellectile
1005 3541 1087 3601 Petri
1111 3542 1172 3600 Me-

158 3628 233 3689 dieei
256 3632 310 3690 est.
355 3630 425 3688 hinc
448 3631 646 3692 commodavit
669 3632 809 3696 Andreas
830 3632 1013 3712 uenenis„
1038 3634 1098 3708 uui
1123 3649 1200 3689 uum

157 3715 210 3777 boc
226 3722 294 3792 ipso
313 3719 411 3777 multa
434 3725 466 3780 et
486 3723 550 3783 alia
573 3725 748 3808 subripuit,
776 3732 818 3791 ut
842 3727 926 3789 alias
948 3725 1070 3786 testati
1094 3732 1223 3781 sumus.

950 3828 998 3885 g.
