2734 4159
203 261 268 326 558
484 258 624 314 DONATI
641 259 811 314 INTERPR.
829 259 937 314 VERG.

202 432 331 490 tentiam
360 448 502 505 superum
531 429 623 489 semel
652 428 765 487 dictam
794 428 874 488 fleoti
906 428 1096 505 aliquatenus
1125 446 1225 504 posse.

203 520 255 579 sed
277 537 348 593 eope
370 519 448 577 dieta
470 535 587 586 moneor,
611 517 681 576 duri
705 516 815 577 solacia
838 534 938 577 cosae·
966 518 1018 578 sed
1043 521 1112 577 tene
1140 517 1225 577 diota

204 628 272 667 mea
304 611 335 667 et
365 608 472 666 horum
503 626 617 667 memor
649 610 712 667 esto
744 606 902 665 habiturus
931 609 964 665 in
996 607 1130 667 adversis
1161 607 1225 666 tuis

205 697 350 757 solarium
373 696 595 772 sempiternum.
640 713 712 755 aem
735 700 786 755 loa
803 698 923 768 finitimi
940 696 1023 770 aare
1041 697 1153 771 lamque
1166 714 1226 770 per

151 787 296 845 seobreo
321 787 469 860 prodigiis
499 788 557 845 oete·
588 786 758 845 coelestibus
789 802 857 845 ossa
882 786 1011 859 piabrmt
1044 788 1070 843 et
1095 788 1228 845 saonae
1254 807 1261 847 ε

203 877 349 935 tmolum
381 879 408 933 et
438 874 549 933 minoto
580 873 733 933 eoltenmia
763 876 876 933 midaei
906 878 1111 947 membraque
1143 875 1226 934 boas

203 965 343 1025 Peteon·
369 981 474 1023 nornen
500 964 628 1023 babebit:
658 963 767 1022 melius
796 982 831 1021 ex
858 982 986 1040 persona
1013 964 1093 1023 vatis
1121 965 1152 1021 ei
1178 984 1226 1021 re-

204 1072 346 1130 sponsum
378 1056 423 1112 est
455 1071 531 1128 quae
563 1055 689 1112 noverat
722 1053 863 1112 universa
899 1071 990 1128 quam
1027 1071 1062 1111 ox
1093 1071 1226 1128 persona

203 1144 336 1217 Aeneae,
359 1162 397 1201 ne
419 1142 499 1218 quod
521 1160 581 1200 non
608 1141 719 1201 licebat
741 1140 892 1201 videretur
919 1160 1043 1219 negasse
1065 1140 1227 1201 voluntate

205 1275 1026 1293 ..............................................
1058 1249 1119 1290 non
1152 1231 1226 1291 lioet
1240 1252 1261 1292 m

204 1321 284 1398 quod
307 1321 420 1380 frustra
447 1319 628 1397 deprecaris,
658 1317 723 1395 [sed
745 1319 868 1379 habebis
890 1317 1047 1397 magnum]
1076 1320 1226 1379 solacium

205 1429 265 1487 quo
288 1410 428 1469 relevetis
451 1409 483 1467 in
507 1409 652 1484 adversis3
676 1427 777 1469 omnes
797 1410 908 1485 quippe
928 1411 991 1469 eius
1009 1409 1068 1468 looi
1086 1408 1225 1470 homines

204 1500 243 1559 ad
266 1519 355 1576 quem
377 1499 466 1557 funus
488 1502 574 1557 tuum
596 1498 716 1557 videtur
739 1517 801 1557 esse
825 1498 958 1557 delatum
981 1501 1012 1556 et
1038 1498 1135 1557 multo
1159 1498 1225 1557 lon·

204 1589 271 1668 gius
303 1589 395 1664 positi
422 1588 545 1646 deorum
572 1588 802 1647 commonefaoti
831 1587 995 1663 responsis,
1025 1605 1093 1645 oum
1117 1588 1223 1647 exinde

203 1676 342 1755 prodigia
365 1676 491 1736 existere
514 1678 675 1752 coeperint,
698 1679 729 1735 et
751 1676 914 1752 expiabunt
942 1695 1009 1735 ossa
1036 1679 1090 1735 tua
1119 1678 1151 1735 et
1178 1696 1254 1741 se-1s

203 1768 343 1843 pulturae
366 1765 553 1826 mandabunt
576 1784 609 1823 ac
636 1768 757 1824 nomine
781 1768 833 1824 tuo
856 1765 939 1824 loous
962 1767 1027 1841 ipse
1051 1769 1168 1824 erectus
1190 1767 1221 1824 in

202 1856 352 1915 tumulum
373 1857 407 1913 in
425 1858 580 1914 aeternnm
598 1856 755 1915 vocabitur
772 1854 941 1914 Palinurus.
988 1872 1054 1914 eoae
1077 1855 1221 1915 solacium

203 1964 238 2005 ao
260 1946 401 2005 meritum
419 1943 564 2019 Palinuri,
588 1964 655 2003 oum
678 1943 735 2003 diis
760 1943 931 2002 auctoribus
955 1943 1070 2004 ossibus
1089 1943 1154 2003 eius
1177 1963 1220 2004 se·

202 2036 327 2112 pultura
350 2037 380 2094 et
403 2033 561 2093 eelebritas
583 2034 713 2093 nominis
740 2033 772 2091 in
800 2035 955 2091 aeternum
982 2051 1123 2093 mansura
1153 2052 1219 2109 pro-

202 2126 343 2183 mittitur.
384 2125 431 2183 bis
449 2123 534 2183 dietis
551 2140 641 2183 aurae
659 2127 767 2181 eowtae
779 2122 943 2195 paleasque
956 2140 1122 2197 parumper
1136 2122 1220 2182 eorde
1232 2144 1256 2185 ro

203 2214 299 2273 dolor:
335 2216 454 2272 tantum
484 2212 632 2272 veridicae
669 2214 748 2270 vatis
786 2212 950 2270 auotoritas
987 2214 1017 2270 et
1054 2212 1220 2272 consolatio

202 2303 309 2376 valuit,
331 2305 366 2361 ut
388 2302 548 2360 Palinurus
572 2304 711 2378 suscepta
729 2303 863 2360 oratione
882 2300 939 2359 tali
957 2319 1058 2359 euram
1077 2301 1221 2360 infiiotam

203 2390 317 2449 dudum
348 2391 511 2450 relaxasset
543 2393 642 2449 animo
675 2395 707 2450 et
736 2390 869 2450 dolorem
901 2409 960 2465 quo
993 2390 1140 2467 agebatur
1172 2410 1222 2451 eor

203 2481 375 2538 remisisset.
426 2481 503 2537 tristi
526 2482 636 2554 pandet
666 2482 834 2554 cognomine
865 2482 975 2537 terrae:
1008 2478 1159 2557 gaudebat
1191 2499 1221 2539 se

202 2569 319 2627 tristem
342 2567 422 2643 lieet,
445 2571 546 2627 tamen
568 2572 745 2645 perpetuam
768 2569 943 2627 memoriam
966 2570 1012 2626 sui
1035 2569 1166 2629 nominis
1189 2572 1220 2627 in
1233 2590 1261 2629 sn

201 2657 263 2717 illis
285 2656 458 2735 regionibus
480 2656 661 2719 habiturum.

270 2746 352 2820 Ergo
365 2748 421 2805 iter
433 2748 578 2821 inceptam
591 2752 753 2821 peragrat:
771 2750 924 2822 inceptum
943 2746 1020 2803 dixit
1038 2744 1219 2805 destinatum

203 2838 293 2911 atque
321 2835 506 2910 dispositum.
553 2838 699 2910 flavioque
720 2838 937 2911 propiaquant:
969 2835 1116 2910 conpletis
1144 2856 1219 2912 quae

275 3012 291 3059 3
310 3007 366 3061 tuis
384 3022 436 3059 om.
454 3005 496 3059 ed.
571 3011 586 3058 9
605 3007 670 3075 post
688 3006 827 3060 voluntate
846 3005 970 3075 spatium
984 3010 1018 3057 lo
1037 3004 1096 3058 fere
1110 3004 1218 3059 littera·

202 3095 265 3130 rum
284 3080 367 3131 vacat
384 3076 414 3130 in
429 3076 462 3143 V,
477 3076 553 3144 quod
568 3077 679 3146 explere
694 3094 750 3130 non
764 3077 864 3142 audeo,
878 3094 930 3131 sao
945 3076 1009 3129 add.
1021 3076 1064 3130 ed.
1093 3077 1220 3145 sequitur

202 3165 260 3202 noa
278 3149 517 3203 lieet-relevaris
535 3165 597 3201 oum
617 3148 719 3201 lacuna
735 3155 768 3203 15
787 3148 846 3200 fere
864 3148 1023 3202 litterarum
1041 3148 1072 3200 in
1085 3147 1120 3214 V,
1135 3164 1218 3215 quam

203 3219 320 3289 explevi.
358 3236 409 3289 pro
432 3219 477 3272 bis
499 3220 592 3273 verbis
616 3220 752 3286 „habebis
775 3219 1009 3273 iucundissimum
1032 3219 1127 3287 inquit
1148 3220 1218 3273 sola-

202 3291 274 3344 tium
298 3306 394 3344 eornm
418 3307 491 3358 quae
514 3290 630 3346 tuleris“
654 3290 785 3359 interpol.
806 3290 848 3344 ed.
942 3297 974 3343 13
998 3307 1052 3345 esse
1075 3307 1128 3344 om.
1149 3291 1216 3362 ed.)

203 3363 321 3417 dilatum
339 3362 365 3414 V
380 3378 448 3416 oorr.
464 3363 508 3416 ed.
570 3368 603 3416 14
622 3363 832 3428 commonefacit
849 3361 875 3414 V
889 3379 957 3417 corr.
973 3362 1016 3416 ed.
1080 3367 1113 3415 16
1132 3368 1220 3418 rectus

202 3433 228 3486 V
247 3439 347 3488 erectus
367 3434 409 3488 ed.
497 3440 529 3486 21
549 3435 605 3487 oiri
622 3434 702 3488 dicae
720 3433 745 3487 V
763 3433 885 3487 veridica
904 3434 946 3487 ed.
1034 3438 1068 3485 23
1087 3435 1220 3504 agebatur

203 3504 237 3559 cf.
258 3523 281 3558 v.
299 3510 349 3559 159
373 3504 399 3557 V
422 3507 574 3576 angebatur
597 3506 641 3559 ed.
736 3509 850 3558 23-24
872 3521 930 3558 aaa
952 3505 1140 3559 remisissetV
1163 3522 1221 3560 oon

202 3594 255 3630 om.
271 3575 298 3630 H
317 3576 359 3630 ed.
380 3594 426 3631 eor
443 3595 465 3631 r.
485 3595 543 3631 nos.
632 3583 666 3630 24
687 3578 762 3630 tristi
779 3575 826 3629 hio
844 3574 932 3629 babet
950 3575 975 3629 V
994 3576 1030 3628 ad
1050 3577 1221 3631 antecedens

190 3648 300 3704 lemma
319 3647 395 3705 falso
414 3648 534 3705 retraxit
553 3648 596 3703 ed.
