2734 4159
563 322 770 379 PRAEFATIO
1087 324 1177 380 XXIII

156 492 316 569 putredine
347 495 524 568 consumpta
556 511 619 553 esse
652 512 712 569 qua
744 494 850 552 folium
880 495 942 552 236
972 493 1094 553 adesum
1122 499 1175 555 est.

157 602 250 640 unum
278 582 407 642 deletum
435 599 498 640 esse
526 585 639 641 certum
667 586 726 657 est,
756 583 827 658 quia
855 583 991 660 epilogus
1018 584 1050 641 in
1077 584 1176 643 media

155 670 307 731 sententia
334 669 536 746 abrumpitur3
569 670 621 731 sed
643 673 670 730 si
693 671 861 731 consideres
883 672 1069 748 prooemium
1091 692 1174 732 revo-

155 762 233 819 catis
265 759 305 818 ed
330 760 473 819 Vaticani
502 761 651 819 rationem
681 778 822 820 versuum
854 763 985 820 numeris
1015 761 1073 821 duo
1101 762 1175 821 folia

155 849 284 925 explere,
306 850 422 909 selvam
445 853 546 908 autem
569 849 681 926 epilogi
703 852 821 925 partem
844 851 895 907 vix
916 849 1072 909 dimidiam
1089 853 1174 928 pagi·

155 958 228 997 nam
246 956 400 1014 occuparo,
415 957 482 996 eum
500 939 532 997 in
552 938 680 997 alterum
699 938 806 997 folium
824 940 1004 1014 pertinuisse
1022 940 1174 999 concedas.

154 1029 227 1086 hinc
245 1028 352 1102 ternio,
367 1028 453 1087 cuius
472 1046 612 1087 numerus
626 1027 756 1086 XXXIII
775 1046 841 1086 cnm
860 1028 967 1087 ultimo
986 1029 1059 1087 folio
1075 1030 1175 1104 periit,

155 1117 200 1175 sic
219 1115 360 1175 efficitur:
385 1118 458 1176 233.
479 1118 552 1175 234.
578 1118 650 1175 235.
681 1118 754 1175 236.
777 1118 806 1176 0.
831 1118 860 1176 0.
893 1116 953 1176 fnit
970 1118 1066 1193 igitur
1084 1118 1176 1177 codex

413 1195 846 1333 &J

155 1348 324 1407 VatIcanus
348 1348 433 1422 olim,
457 1366 523 1407 cum
547 1368 582 1408 ex
604 1348 723 1407 librarii
744 1347 883 1408 manibus
906 1347 1032 1424 prodiit,
1056 1350 1174 1424 quater·

156 1437 280 1496 uionum
293 1439 420 1514 triginta
435 1440 465 1497 et
478 1438 570 1496 trium
584 1440 755 1497 ternionum
770 1430 902 1519 (XVHII
920 1437 1002 1495 XXX
1022 1428 1174 1516 XXXHI).

156 1546 228 1585 nam
251 1546 328 1602 quae
350 1527 383 1585 in
406 1530 512 1586 octavo
537 1526 612 1586 libro
637 1546 655 1585 a
677 1547 706 1586 v.
722 1528 785 1585 457
811 1545 904 1601 nsque
926 1525 1174 1601 111173ορ11-

156 1617 235 1674 tinet
261 1615 369 1673 lacuna
397 1634 476 1691 eam,
505 1618 576 1692 quie
604 1618 636 1675 in
660 1615 789 1675 mediam
812 1617 955 1694 peginam
978 1616 1108 1692 priorem
1131 1616 1175 1674 fo·

156 1705 191 1762 lii
218 1706 258 1763 91
293 1704 400 1763 incidit
431 1705 514 1764 nnIIo
547 1705 645 1781 spatio
677 1705 824 1779 indicata,
855 1707 918 1763 ium
949 1706 981 1762 in
1014 1705 1175 1780 archetypo

157 1794 250 1853 fuisse
273 1796 365 1870 patet.
404 1794 545 1853 foliorum
566 1795 739 1853 234—236
765 1794 869 1872 anguli
891 1794 1048 1853 inferiores
1072 1794 1175 1872 agglu-

156 1882 263 1941 tinatis
295 1884 381 1941 novis
414 1882 603 1942 membranae
634 1883 754 1942 laciniis
781 1884 814 1941 in
841 1883 969 1942 formam
997 1882 1175 1958 quadratam

155 1971 271 2031 redacti
294 1975 371 2032 sunt.
406 1972 438 2029 in
462 1971 576 2031 duobus
599 1971 748 2048 prioribus
771 1972 848 2030 nihil
871 1970 909 2031 ad
933 1990 1052 2031 sonsum
1075 1974 1106 2030 et
1129 1990 1175 2031 or·

156 2060 257 2120 dinem
280 2060 438 2119 verborum
456 2061 656 2121 desideratur:
679 2059 853 2120 membrana
871 2059 909 2119 ab
927 2059 1014 2119 initio
1035 2060 1174 2119 deformIs

155 2150 249 2210 fnisse
276 2148 408 2224 videtur,
437 2150 468 2207 id
497 2150 576 2225 qnod
603 2168 692 2226 saepe
723 2152 757 2209 in
783 2148 931 2209 Vaticano
960 2148 1097 2207 occurrit.
1143 2153 1176 2208 at

156 2239 266 2297 ultima
289 2238 392 2297 charte
417 2240 480 2298 236
505 2239 670 2314 putredine,
694 2241 730 2298 ut
753 2257 844 2315 supra
867 2238 1039 2312 memoravi,
1058 2242 1088 2296 et
1108 2232 1176 2315 ipsa

156 2328 369 2405 agglutinandi
392 2330 456 2386 arte
478 2330 627 2386 iacturam
649 2329 731 2387 fecit.
770 2328 824 2386 imi
843 2328 922 2386 enim
941 2327 1099 2402 utriusque
1121 2346 1174 2404 pa-

156 2417 245 2494 ginae
273 2435 376 2476 versus
404 2417 473 2477 deni
500 2421 648 2485 crescente
676 2418 815 2477 deorsum
842 2416 951 2476 damno
974 2416 1074 2475 mutili
1097 2419 1174 2475 sunt.

156 2505 271 2566 factum
299 2509 344 2564 est
371 2506 595 2581 detrimentum,
625 2524 694 2565 cum
719 2508 781 2565 iam
809 2504 1012 2564 Herlemensis
1041 2508 1070 2564 et
1098 2502 1175 2564 Oxo·

156 2595 269 2653 niensis
298 2597 328 2653 et
355 2594 503 2654 editorum
530 2596 682 2671 exemplar
709 2596 845 2654 extarent
878 2597 931 2652 ant
963 2596 1041 2653 certe
1068 2594 1175 2652 horum

157 2684 347 2759 archetypus,
370 2703 460 2760 quem
483 2686 627 2760 suspicor,
651 2703 687 2743 ex
701 2684 850 2742 Vaticano
867 2682 1066 2758 transcriptus
1085 2687 1175 2757 esset3

156 2792 228 2831 nam
246 2772 367 2832 illorum
387 2774 498 2832 auxilio
518 2774 623 2832 sarciri
641 2776 748 2849 potest.
781 2772 895 2849 epilogi
907 2790 978 2848 pars
993 2771 1102 2831 amissa
1116 2791 1175 2831 non

155 2862 243 2921 item:
263 2862 337 2937 quid
350 2866 419 2938 post
432 2863 540 2921 ultima
558 2862 649 2922 verba
668 2863 778 2937 „etiam
796 2861 828 2919 in
846 2859 920 2921 hac“
938 2860 1075 2937 protinus
1094 2880 1175 2920 secu·

157 2955 223 3010 tum
243 2969 306 3010 esse
325 2954 429 3026 putem
446 2971 537 3027 supra
554 2952 609 3027 p.I
626 2950 766 3010 indicari.
799 2970 871 3009 num
890 2950 1018 3009 alterum
1036 2951 1176 3009 volumen

157 3042 290 3115 quinque
303 3040 417 3117 priores
432 3040 524 3101 libros
539 3040 694 3100 continens
708 3038 903 3116 praecesserit
916 3040 1098 3117 Ignorumus.
1124 3039 1176 3099 sod

157 3148 226 3187 cum
248 3130 346 3188 forma
369 3132 399 3189 et
421 3130 569 3206 scriptura
591 3132 768 3207 picturaque
796 3128 888 3189 codex
909 3127 1075 3188 Vaticanus
1101 3129 1174 3188 adeo

158 3218 293 3291 excellat,
316 3221 350 3276 ut
372 3220 452 3277 inter
469 3218 577 3277 decora
594 3218 791 3278 bibliothecae
811 3217 937 3276 alicuius
956 3217 1175 3277 monasterialis

157 3307 250 3366 fuisse
273 3307 420 3381 videatur,
439 3307 476 3365 ab
499 3308 587 3366 initio
611 3326 680 3366 eum
700 3311 841 3367 truncum
864 3307 955 3365 fnisse
978 3325 1085 3381 parum
1108 3326 1175 3382 pro·

158 3395 257 3454 babile
277 3399 330 3455 est.
361 3397 470 3454 mirum
485 3396 590 3471 ntique
604 3398 700 3455 restat
714 3415 766 3455 cur
780 3394 936 3455 duodecim
948 3394 1020 3453 libri
1033 3393 1175 3471 inaequa-

157 3484 229 3544 IIter
247 3485 337 3545 dirisi
355 3486 423 3545 sint
456 3484 492 3544 dc
507 3487 657 3544 communi
671 3504 740 3545 cum
752 3483 955 3543 Laurentiano
971 3486 1001 3541 et
1014 3482 1176 3560 Regincnsi

159 3575 321 3657 archetypo
340 3575 420 3633 infra
438 3575 635 3650 opportunius
652 3573 839 3634 disseremus.
855 3603 895 3613 -
915 3572 1030 3631 contuli
1044 3573 1175 3631 codicem

158 3662 271 3722 Romae
299 3683 368 3723 vere
396 3666 426 3722 ot
454 3666 596 3722 autumno
623 3665 698 3724 anni
722 3663 808 3724 1901
834 3664 867 3723 ct
891 3679 966 3722 uere
992 3661 1070 3721 aurii
1088 3662 1198 3719 itm,
