2734 4159
532 334 716 391 AENEIDOS
735 336 774 391 VI
1099 336 1165 402 547

238 505 281 564 In
306 506 401 565 medio
433 522 532 565 raneos
563 523 733 579 annosaque
764 506 901 565 braccata
926 506 1038 579 nonan
1067 507 1167 566 almas

144 612 252 670 opaca,
274 596 394 669 amare:
422 595 545 655 transiit
567 614 586 653 a
609 595 807 671 descriptione
830 593 985 669 vestibuli,
1017 597 1101 655 venit
1128 594 1167 655 ad

143 685 322 743 interiorem
350 687 468 760 partem
496 704 572 760 quae
599 703 660 743 non
689 687 765 744 esset
792 682 846 743 sub
874 686 962 743 tecto.
1008 684 1067 743 fnit
1094 684 1166 760 illic,

144 774 259 849 inquit,
285 773 361 832 ulmi
388 774 477 834 arbor
506 792 619 833 annosa
646 773 827 849 perindeque
858 775 963 851 ingens
995 773 1166 851 ingentibus

145 863 241 921 ramis
270 862 377 936 effusa,
404 881 498 939 opaca
527 862 691 922 frondibus.
737 863 811 922 bene
838 862 940 938 posuit
969 880 1113 921 annosam
1136 866 1167 921 et

145 952 313 1029 ingentem3
337 954 408 1011 sunt
426 953 505 1010 enim
528 951 648 1011 arbores
666 970 805 1025 annosae,
828 970 887 1009 non
905 953 1007 1009 tamen
1030 950 1166 1029 ingentes

146 1059 202 1099 nec
225 1059 336 1116 opacae
360 1059 414 1101 nec
437 1045 560 1101 ornatae
583 1040 752 1115 frondibus,
775 1042 806 1098 in
830 1041 886 1099 hac
910 1042 1012 1099 autem
1035 1042 1065 1099 et
1088 1041 1164 1099 anti·

146 1131 249 1206 quites
271 1129 398 1205 parebat
420 1132 451 1188 et
473 1149 624 1189 romonum
647 1149 682 1189 ac
710 1130 851 1189 frondum
875 1130 1009 1206 opacitas
1033 1130 1165 1205 antiqui-

145 1219 207 1278 tati
240 1219 429 1294 respondens.
475 1238 564 1293 qnam
588 1220 684 1279 sedem
710 1218 834 1278 Sanmia
860 1221 945 1292 onlpo
964 1237 1045 1277 oona
1071 1223 1166 1279 tenere

144 1310 266 1382 ferrent:
297 1308 355 1383 hic,
378 1308 430 1383 ait,
454 1308 594 1367 dicuntur
615 1326 679 1368 esse
698 1326 776 1367 vana
800 1308 923 1383 somnia,
945 1307 995 1366 hic
1013 1308 1079 1366 mn
1102 1326 1165 1369 esse

145 1416 261 1456 errores
280 1399 333 1473 qui
350 1416 405 1472 pro
423 1398 597 1458 necessariis
614 1398 746 1457 inaniter
764 1399 923 1458 occurrunt
941 1396 1165 1456 dormientibus.

142 1490 225 1545 recte
249 1486 326 1545 dixit
348 1487 458 1561 ferunt,
476 1486 547 1561 quia
571 1506 663 1564 supra
687 1487 731 1545 ait
749 1488 807 1562 „sit
829 1486 903 1544 mihi
925 1487 972 1545 fas
996 1486 1100 1545 audita
1122 1487 1165 1545 lo-

143 1574 217 1653 qui“
247 1593 301 1634 nec
329 1574 433 1635 debuit
464 1578 569 1635 auctor
601 1595 663 1635 esse
696 1577 728 1633 in
759 1577 889 1635 incertis.
943 1576 1079 1650 solimano
1109 1576 1164 1634 snb

142 1666 282 1724 anmtbns
304 1666 431 1734 haerent,
453 1665 520 1741 ipsa
538 1666 653 1725 scilicet
672 1664 803 1725 Somnia.
839 1666 988 1739 mattaqne
1000 1667 1156 1739 praeterea
1165 1672 1218 1721 2815

142 1756 303 1813 nariarnm
324 1759 456 1813 monstra
477 1756 627 1827 ferarum:
650 1774 726 1829 quae
754 1756 815 1813 sint
841 1754 937 1813 multa
960 1756 1094 1813 monstra
1116 1754 1163 1813 vel

143 1863 223 1919 quae
246 1842 379 1901 ferarum
401 1845 531 1903 vanietas
554 1863 573 1903 a
592 1843 788 1921 generalitate
811 1843 849 1901 ad
868 1844 997 1918 speciem
1015 1845 1163 1903 transiens

142 1930 226 1991 dicit.
276 1930 416 1991 Oentanro'
446 1935 481 1992 m
506 1934 620 2005 faribus
650 1933 817 1994 etabnlosat:
849 1930 1012 1991 Centauros
1046 1923 1187 1992 constat

142 2023 281 2080 monstra
304 2038 379 2097 esse3
403 2040 473 2079 nam
491 2025 607 2099 partem
628 2021 828 2081 membrorum
846 2020 958 2079 habent
976 2021 1014 2079 ab
1032 2021 1164 2080 humano

143 2127 269 2186 corpore
292 2110 469 2185 venientem,
491 2113 608 2187 partem
632 2110 669 2168 ab
694 2129 836 2186 equorum
859 2110 964 2169 forma.
1010 2109 1164 2169 stabulant

144 2198 222 2257 dixit
246 2203 435 2259 commanent
457 2202 488 2258 et
513 2203 592 2259 recte
615 2199 834 2259 habitationem
855 2200 989 2274 ipsorum
1012 2199 1163 2257 stabulum

144 2290 307 2362 vocitavit,
333 2289 401 2347 vult
423 2290 503 2347 enim
526 2307 576 2347 eos
603 2290 670 2365 plus
695 2308 763 2349 cum
785 2287 868 2364 equis
896 2307 988 2364 quam
1016 2307 1083 2347 oum
1109 2289 1161 2348 ho·

143 2376 276 2436 minibus
299 2377 465 2437 membrum
486 2377 595 2437 habere
619 2396 782 2437 commune.
823 2376 991 2451 Scyllaeam
1010 2378 1164 2449 biformes:

143 2467 253 2525 ethes
277 2466 363 2525 aiunt
384 2470 518 2527 monstra
541 2486 613 2542 esse,
636 2470 741 2543 utpote
764 2486 842 2542 quae
865 2485 959 2543 usque
987 2465 1026 2524 ad
1053 2466 1163 2542 pubem

145 2556 277 2633 virgines
295 2556 460 2633 pingantur
479 2559 509 2614 et
527 2556 649 2616 canibus
664 2557 788 2615 marinis
807 2559 941 2615 armatae
955 2576 1009 2631 pro
1028 2555 1162 2632 pedibus.

144 2650 172 2705 er
193 2648 442 2719 centnmpennnns
459 2645 624 2706 Briareus:
647 2647 759 2724 gemini
782 2646 922 2703 dicuntur
944 2643 1002 2703 duo
1026 2647 1163 2721 geminae

141 2733 259 2794 formae
291 2734 347 2793 hoc
373 2736 420 2795 est
451 2734 592 2810 duplicis:
628 2735 749 2809 qualem
781 2735 875 2813 igitur
905 2737 1048 2810 putamus
1071 2733 1185 2794 fuisse'

140 2824 315 2897 Briareum,
351 2824 404 2899 qui
435 2824 690 2900 centumgeminus
722 2824 793 2882 fuiti
849 2841 884 2883 aa
911 2824 996 2882 belna
1027 2823 1163 2882 Lernae:

139 2912 243 2972 Lerna
265 2930 343 2971 unus
367 2913 472 2990 anguis
490 2913 581 2972 fuisse
600 2913 732 2971 traditur
750 2912 861 2971 habens
880 2914 990 2971 multos
1011 2914 1161 2989 serpentes

138 3002 174 3060 in
188 3001 297 3077 capite.
333 3002 511 3060 horrendam
524 3002 668 3063 stridens:
691 3002 757 3077 ipsa
775 3004 871 3080 magis
891 3020 981 3076 quam
996 3000 1161 3073 Chimaera,

140 3110 237 3167 quam
250 3090 330 3148 infra
343 3090 522 3150 nominavit:
546 3090 733 3166 serpentibus
751 3092 829 3148 enim
849 3091 985 3165 plurimis
1004 3090 1161 3148 stridorem

140 3178 310 3238 emittebat.
355 3179 415 3237 init
437 3198 507 3257 ergo
529 3183 698 3239 monstrum
726 3198 801 3255 quae
829 3180 888 3237 fuit
914 3179 995 3236 ultra
1022 3181 1162 3237 naturam

139 3271 323 3344 serpentum.
359 3271 546 3358 fiammisqne
569 3273 687 3328 armata
702 3268 875 3329 Chimaera:
898 3286 973 3342 quae
996 3286 1050 3343 pro
1070 3267 1161 3327 armis

215 3442 231 3490 2
250 3438 324 3491 venit
342 3437 367 3490 V
385 3445 411 3492 et
427 3457 452 3492 a.
472 3438 515 3491 ed.
579 3444 595 3490 4
610 3439 778 3507 perindeque
797 3436 822 3489 V
837 3437 953 3506 perinde
971 3438 1063 3506 inpnr't
1081 3437 1124 3492 ed.

141 3513 158 3562 6
177 3524 301 3563 onerosae
320 3524 372 3563 om.
389 3510 431 3562 ed.
507 3511 573 3562 7a'n
590 3511 662 3564 hanc
680 3508 713 3563 V.
791 3514 808 3563 8
827 3508 980 3577 apparebat
998 3509 1041 3562 ed.
1059 3513 1062 3575 Ι
1083 3510 1160 3575 fron·

140 3580 221 3635 diam
240 3578 283 3632 ed.
375 3585 408 3634 10
426 3582 492 3635 baec
509 3580 568 3635 anit
585 3581 610 3634 V
629 3598 699 3635 corr.
719 3580 762 3634 ed.
851 3584 883 3634 18
902 3586 1024 3634 monstra
1042 3578 1068 3632 V
1086 3598 1161 3634 man-

139 3657 231 3705 stroea
250 3650 293 3704 ed.
367 3658 400 3705 aa
419 3653 566 3706 menzbrnm
584 3652 609 3706 V
629 3652 672 3706 ed.
692 3653 889 3707 membranam?
966 3656 1000 3705 23
1019 3658 1161 3720 qnaepate-

139 3739 193 3791 pne
210 3720 237 3775 V
256 3737 325 3775 corr.
340 3721 406 3777 edi'.
479 3728 513 3776 27
532 3725 754 3794 centumgeminae
771 3722 804 3778 V.

894 3812 946 3866 36*
