2734 4159
587 330 769 385 AENEIDOS
787 332 824 386 V·
1149 280 1216 393 453

198 499 345 573 puniceis,
377 500 433 559 hoc
465 504 510 560 est
542 502 627 558 vittis
657 501 777 559 russeis.
824 499 904 575 quod
931 498 1007 557 dixit
1035 517 1148 573 ornneS,
1178 497 1216 557 ad

197 589 252 646 tris
285 589 413 647 refertur
444 591 497 664 qui
529 592 700 664 praesentes
731 589 870 665 aderant,
901 607 961 647 non
994 588 1032 647 ad
1064 589 1215 663 quattuor,

198 679 269 751 quia
293 679 423 735 nondum
447 681 571 737 venerat
590 677 753 756 Sergestus.
792 696 857 736 cam
875 695 961 737 saeco
979 677 1096 750 scopato
1114 677 1207 735 malta
1217 679 1271 729 270

197 769 248 823 oin
275 771 337 825 arto
363 769 497 826 renalsns
525 770 643 826 amissis
669 770 759 826 ranis
786 771 871 840 atqae
898 768 1000 825 ordine
1028 767 1130 825 debilis
1157 782 1217 824 nno

171 857 325 915 sinrisam
351 858 414 914 sine
440 858 546 915 honore
573 861 666 915 ratem
693 855 843 930 Serqestas
873 857 990 930 aqebat:
1025 855 1122 912 multa
1150 872 1217 913 con-

198 947 291 1019 gessit
320 964 395 1020 quae
423 946 596 1004 tarditatem
625 945 708 1004 illius
736 946 992 1021 ludibriosumque
1015 944 1145 1003 reditum
1169 942 1217 1001 de-

198 1037 406 1093 monstrarent.
441 1037 492 1109 sic,
510 1037 619 1110 inquit,
637 1054 726 1094 saevo
745 1035 916 1094 inhaeserat
935 1052 1016 1108 saxo,
1034 1036 1068 1091 nt
1086 1032 1217 1109 plurima

199 1126 262 1180 arte
291 1125 353 1197 vix*
369 1124 454 1182 navis
486 1124 608 1182 liberari
639 1124 762 1183 valeret.
809 1124 949 1183 veniebat
977 1126 1080 1182 autem
1106 1123 1217 1182 inrisus

198 1212 316 1285 perdita
343 1213 436 1272 totius
465 1215 636 1273 certaminis
660 1216 774 1290 gratia3
807 1213 915 1290 agebat
939 1214 1019 1272 enim
1041 1230 1149 1270 navem
1171 1230 1217 1270 re·

158 1321 183 1358 ro
198 1320 315 1359 morum
338 1321 459 1361 suorum
483 1304 642 1362 amissione
661 1302 831 1361 deformem.
868 1302 947 1378 quod
966 1302 1042 1359 dixit
1062 1299 1217 1377 Sergestus

199 1391 321 1465 agebat,
353 1411 420 1450 curn
452 1410 548 1450 remos
581 1412 640 1451 non
673 1392 810 1466 haberet,
839 1392 977 1468 intellegi
1003 1391 1102 1450 voluit
1127 1392 1218 1465 poeta

198 1478 276 1552 quod
301 1478 433 1556 Sergesti
455 1481 593 1539 manibus
617 1481 783 1555 duceretur,
808 1483 843 1539 ut
866 1483 908 1541 sic
931 1480 1039 1539 saltem
1061 1480 1216 1555 pervenire

197 1570 351 1641 potuisset.
398 1572 494 1642 qualis
517 1588 604 1643 saepe
630 1572 696 1628 viae
723 1571 883 1643 deprensas
905 1572 938 1628 in
961 1586 1064 1644 apqere
1089 1585 1216 1641 serpens,

197 1674 284 1716 aerea
307 1677 391 1731 qnem
412 1660 536 1718 oblinam
554 1664 619 1717 rota
637 1660 757 1718 transiit
774 1664 828 1718 aat
842 1661 944 1735 pranis
962 1661 1022 1718 icta
1039 1660 1207 1717 seminecem
1218 1661 1271 1711 275

157 1765 182 1803 15
198 1746 283 1818 llqait
308 1765 379 1806 saco
408 1748 591 1821 laceramque
618 1751 722 1816 viator,
750 1751 943 1823 nequicquam
970 1749 1069 1820 lemqos
1100 1747 1217 1820 sapiens

198 1836 251 1892 dat
278 1854 395 1909 corpore
423 1842 529 1895 tortas:
564 1838 663 1896 tortus
692 1839 896 1897 accusativum
926 1837 1074 1913 pluralem
1106 1837 1215 1911 posuit,

197 1928 314 1984 utnon
338 1944 458 1999 serpens
482 1925 619 1984 videatur
641 1928 749 2002 tortus,
773 1926 833 2001 sed,
857 1946 925 1986 cum
948 1945 978 1985 se
1001 1928 1156 2000 torqueret
1181 1943 1216 1982 ex

198 2013 329 2072 vulneris
358 2032 461 2089 causa,
489 2018 587 2073 tortus
615 2018 748 2090 corporis
775 2017 901 2075 lacerati
932 2016 1052 2074 fecisset
1083 2014 1139 2073 hoc
1171 2017 1216 2073 est

197 2101 380 2176 inflexiones,
399 2107 434 2161 ut
457 2105 496 2162 sit
519 2104 574 2163 hos
597 2106 704 2163 tortus.
736 2110 825 2178 parte
843 2107 926 2179 feroc
944 2105 1107 2178 ardensque
1125 2104 1216 2163 oculis

156 2210 182 2248 ao
198 2196 224 2248 et
245 2194 333 2250 sibila
355 2194 430 2251 colla
449 2194 562 2252 andans
581 2193 722 2263 attollens,
736 2213 814 2267 pars
831 2196 951 2253 onmem
969 2194 1078 2253 clauda
1095 2195 1217 2252 retentat

196 2283 346 2338 nixantem
372 2283 457 2340 nodis
485 2299 569 2355 seqae
591 2284 624 2340 in
646 2300 703 2342 sna
725 2285 856 2343 membra
873 2283 1041 2356 plicantem.
1087 2283 1140 2341 tali
1162 2284 1270 2339 re-280

196 2371 283 2441 miqio
306 2373 393 2428 nanis
410 2388 441 2429 se
460 2372 547 2430 tarda
569 2373 714 2431 movebat:
737 2374 788 2447 sic,
806 2374 916 2447 inquit,
935 2370 1111 2430 movebatur
1129 2372 1215 2430 navis

198 2461 350 2516 exarmata
377 2478 527 2518 remorum
555 2460 710 2536 subsidiis,
739 2461 887 2536 quomodo
914 2463 989 2521 solet
1011 2480 1071 2519 uno
1094 2462 1126 2518 in
1149 2460 1214 2518 loco

197 2565 349 2605 remanere
378 2566 497 2623 serpens
525 2550 667 2609 volubilis
690 2553 775 2610 rotae
798 2551 930 2609 transitu
953 2549 1059 2608 debilis
1081 2548 1214 2608 redditus

156 2654 181 2693 as
198 2639 251 2692 aut
273 2638 398 2695 viatoris
421 2639 486 2696 ictu
508 2657 675 2714 percussus,
695 2659 764 2698 cum
788 2641 956 2718 exagitatus
974 2638 1107 2697 vulneris
1126 2656 1216 2697 causa

196 2726 227 2781 in
256 2744 373 2784 cassum
400 2728 497 2786 saevit
525 2730 555 2787 et
581 2730 613 2786 in
644 2747 706 2788 sese
739 2729 872 2789 volvitur
902 2746 957 2787 nec
990 2746 1113 2802 usquam
1147 2745 1215 2802 pro-

196 2814 339 2889 greditur.
386 2818 450 2875 cela
477 2819 550 2890 facit
576 2821 673 2876 tamen
700 2822 726 2877 ct
747 2819 819 2878 celis
841 2818 920 2877 satit
941 2820 1016 2875 ostia
1033 2818 1146 2890 plenis:
1177 2834 1215 2873 ne

195 2907 297 2961 tamen
331 2906 435 2964 ceteris
465 2906 672 2980 voluptatibus
700 2907 828 2967 maiores
856 2909 968 2965 faceret
995 2924 1108 2979 moras,
1140 2906 1214 2964 velis

196 2996 333 3065 pervenit
355 2994 476 3054 flatibus
500 2998 646 3070 oportune
669 2996 852 3071 iuvantibus,
877 2996 990 3054 faciens
1015 2998 1119 3054 contra
1142 3013 1215 3052 nau-

153 3100 181 3139 so
196 3082 287 3140 ticam
312 3083 503 3158 disciplinam
529 3086 716 3144 necessitatis
745 3104 848 3162 causa3
885 3085 986 3142 nullus
1015 3085 1094 3142 enim
1122 3085 1215 3141 nauta

269 3294 282 3338 1
303 3290 418 3356 punicis
440 3288 493 3340 LR
516 3290 612 3358 (supra
634 3291 728 3359 recte).
764 3293 768 3360 Ι
802 3290 943 3345 rasseisL
967 3288 1093 3343 roseisR
1117 3287 1215 3340 r=L

195 3360 286 3411 rubeis
306 3359 347 3412 ed.
428 3365 541 3413 tsaeno
560 3360 613 3414 LR
630 3379 650 3415 s.
666 3378 680 3414 e
699 3362 742 3415 ed.
822 3367 854 3415 10
873 3368 987 3416 secestas
1005 3360 1034 3413 L.
1118 3364 1150 3412 13
1170 3360 1214 3412 de-

190 3431 341 3496 prehensas
360 3431 403 3483 ed.
482 3436 514 3483 17
534 3437 567 3486 at
583 3450 641 3487 non
659 3432 712 3485 LR
730 3449 764 3487 ne
784 3433 827 3486 ed.
905 3438 939 3485 20
958 3433 1029 3486 colla
1048 3431 1069 3483 L
1088 3430 1215 3485 cordalt

194 3517 256 3551 r=
271 3501 300 3553 L.
323 3503 326 3569 Ι
352 3502 443 3555 canda
462 3501 483 3553 L
503 3505 585 3556 tarda
604 3504 636 3556 R.
711 3510 744 3557 21
764 3510 909 3558 nexantem
927 3503 960 3556 R.
982 3505 986 3572 Ι
1010 3503 1062 3557 tali
1080 3501 1132 3554 LR
1150 3503 1217 3556 talis

195 3572 238 3624 ed.
312 3578 345 3624 23
365 3574 498 3641 quomodo
517 3573 568 3626 LR
586 3577 631 3629 ati
649 3575 692 3627 ed.
763 3580 796 3629 25
815 3591 1016 3630 cam—cansa
1035 3573 1129 3627 omR
1149 3573 1213 3626 add.

194 3643 223 3694 in
243 3659 331 3712 marg.
351 3644 381 3697 r'.
456 3650 489 3698 29
505 3647 630 3713 peruenit
646 3645 699 3699 LR
712 3650 859 3715 praecenit
878 3648 921 3701 ed.
996 3650 1031 3698 td
1050 3646 1230 3697 necessitates

194 3732 279 3767 cerasa
297 3714 319 3766 L
338 3719 493 3771 necessitate
511 3723 620 3789 cogente
636 3717 664 3773 a
682 3736 697 3774 r
712 3746 748 3766 =
760 3718 795 3775 lr.
