2734 4159
221 291 312 399 alas
501 333 641 388 nonan
659 334 957 390 manneaannc.

168 511 220 561 800
231 508 256 563 et
269 504 483 579 regenerant
501 504 622 563 turbant
639 504 754 577 trepida
772 505 847 562 ostia
865 503 944 561 Nat.-
967 522 1035 562 cum
1053 504 1113 580 ille,
1132 505 1239 580 inquit,

221 594 323 653 venire
346 592 385 651 ad
403 594 458 652 has
477 592 608 668 coeperit
625 592 730 668 partis,
749 592 945 668 omniaquae
964 595 1034 653 snut
1053 592 1108 652 snb
1127 595 1238 653 oriente

221 682 291 757 sole,
310 681 521 756 turbabuntur,
538 699 631 759 regna
650 681 766 741 scilicet
785 680 902 757 Caspia,
921 681 1080 741 Maeotidis
1098 684 1130 741 et
1143 682 1238 742 Nilus.

219 788 273 830 nee
294 788 362 830 nero
385 768 503 830 Alcides
526 774 640 829 annm
662 770 776 829 telluris
798 772 900 830 obba:
931 773 1000 845 post
1024 770 1148 830 Saturni
1173 790 1239 831 con·

163 911 169 917 .
220 862 409 936 parationem
435 860 588 918 inducitur
615 862 646 918 et
672 860 815 932 secunda,
838 858 996 934 Hercules,
1018 862 1133 936 inquit,
1157 863 1239 921 cuius
1255 880 1273 927 :⁶

220 948 318 1008 multa
339 948 550 1023 praeferuntur
573 948 709 1024 exempla
730 949 887 1022 virtutum,
909 968 971 1008 non
993 952 1114 1008 tantum
1143 950 1240 1009 valuit

220 1041 369 1098 terrarum
388 1039 543 1097 circumire
560 1039 705 1115 regiones.
730 1039 843 1109 -finerit
859 1039 1024 1111 aeripedem
1042 1056 1159 1097 ceream
1176 1040 1241 1099 te'eet
1271 1058 1275 1065 ·

221 1132 274 1185 ant
286 1127 465 1201 Erymanthi
477 1128 611 1200 placaret
626 1142 747 1185 nemora
767 1130 793 1184 et
805 1127 938 1185 Lernam
952 1128 1141 1199 tremefecerit
1153 1146 1238 1188 area:

221 1217 360 1291 quamvis
382 1215 434 1275 ille
457 1234 584 1289 cervam,
607 1214 721 1273 animal
742 1216 837 1274 totius
855 1216 1032 1290 velocitatis,
1052 1217 1239 1294 superaverit

163 1293 166 1298 ’
221 1323 309 1363 cursu
337 1307 391 1364 aut
419 1306 485 1380 apri
511 1304 683 1363 infestantis
710 1322 782 1364 nece
807 1305 960 1381 regionem
987 1304 1019 1363 in
1048 1324 1109 1381 qua
1140 1306 1272 1367 fueratis

221 1393 395 1453 liberaverit
422 1396 484 1453 aut
502 1395 622 1470 sagittis
646 1395 789 1453 terruerit
811 1391 948 1454 Lernam.
975 1394 1059 1457 ‚huic
1081 1395 1238 1474 subiungit

221 1485 251 1540 et
274 1487 358 1560 gesta
381 1480 483 1541 Liberi
504 1484 614 1559 patris:
636 1499 690 1541 nee
707 1484 757 1555 eat
771 1483 940 1557 campaneis
958 1485 1047 1542 vietor
1064 1484 1136 1557 iuga
1155 1486 1239 1557 stertit

167 1577 219 1627 805
229 1573 349 1631 habenis
371 1571 463 1631 Liber
486 1589 575 1645 agens
597 1572 670 1630 celso
689 1570 790 1646 Nysae
808 1572 844 1631 de
860 1574 965 1631 vertice
983 1574 1075 1647 tigris.
1112 1573 1237 1633 duorum

222 1661 356 1736 exempla
378 1661 537 1737 proposuit
559 1662 612 1735 qni
634 1660 765 1735 plurima
788 1661 854 1719 loca
872 1664 1060 1737 superarunt,
1078 1660 1238 1721 Herculem

222 1744 266 1828 [et
293 1744 473 1826 Bacchum]‚
506 1767 634 1823 quorum
666 1749 751 1823 alter,
783 1750 818 1806 ut
848 1749 962 1809 dictum
991 1751 1051 1823 est,
1078 1751 1270 1813 velocitates

222 1857 348 1911 cervam,
366 1841 479 1897 virtute
498 1857 604 1913 aprum
623 1838 863 1913 Erymanthium,
882 1841 945 1897 arte
965 1837 1138 1917 Gorgonem
1157 1842 1238 1914 vicit,

222 1928 299 1987 alter
325 1927 415 1987 Indos
448 1928 592 2001 obtinuit,
624 1926 810 1986 transcendit
841 1930 871 1988 et
898 1928 1013 2003 Nysam
1045 1932 1179 1989 montem
1210 1933 1238 1989 et

221 2017 410 2093 triumphans
434 2035 522 2075 amru
544 2015 626 2075 mitis
649 2015 774 2094 tigrides
795 2016 901 2075 iunxit.
938 2017 985 2075 his
1004 2018 1148 2093 exemplis
1167 2037 1237 2077 usus

221 2108 338 2184 magnis
362 2109 393 2165 et
414 2104 613 2165 memorandis
636 2105 791 2163 meliorem
814 2103 972 2165 Gaesarem
990 2106 1074 2181 facit,
1092 2107 1146 2183 qui
1164 2107 1237 2167 Her·

222 2197 296 2254 culis
325 2214 458 2255 accessus
487 2197 517 2255 et
541 2193 642 2252 Liberi
670 2196 798 2253 transire
825 2195 922 2252 valuit
949 2198 979 2253 et
1006 2198 1116 2254 tenere.
1162 2196 1271 2257 hanon

221 2285 338 2344 dicendi
360 2289 462 2343 artem
490 2286 629 2343 executus
653 2283 753 2344 estin
776 2284 928 2343 comoedia
952 2285 1108 2343 Terentius
1133 2286 1236 2344 adsen-

221 2375 328 2432 tatoris
351 2374 483 2432 officium
505 2375 537 2432 in
561 2392 595 2432 eo
619 2377 698 2432 stare
722 2372 901 2450 significans,
919 2375 954 2430 ut
974 2376 1007 2431 in
1026 2376 1236 2449 conparatione

221 2464 262 2520 sit
284 2462 337 2519 ille
359 2463 459 2536 potior
482 2462 533 2537 qui
557 2461 706 2521 laudatur.
744 2463 788 2521 ait
812 2464 890 2520 enim
909 2461 1022 2521 Thraso
1045 2463 1132 2521 miles
1156 2455 1235 2544 (eun.

222 2542 346 2629 3,1,1)
370 2570 511 2628 „magnas
535 2570 605 2610 vero
630 2571 718 2628 agere
741 2552 854 2629 gratias
879 2550 969 2610 Thais
993 2550 1106 2610 mihi?“
1133 2552 1186 2611 ille
1212 2554 1236 2611 si

221 2639 332 2697 diceret
355 2659 480 2716 magnas
503 2640 555 2715 qui
579 2640 830 2718 interrogabatur,
853 2659 912 2698 non
936 2640 1163 2715 promerebatur
1184 2655 1292 2717 pan·

220 2731 349 2801 tronum,
373 2731 421 2787 cui
444 2730 561 2804 placere
584 2729 732 2804 cupiebat,
757 2729 808 2787 sed
831 2730 874 2788 ait
897 2727 1071 2806 „ingentis“,
1095 2733 1129 2789 ut
1149 2732 1234 2789 aesti-

222 2818 383 2875 mationem
413 2818 561 2876 audientis
589 2818 795 2876 adsentatione
825 2821 986 2894 superaret.
1032 2818 1076 2877 ita
1106 2839 1177 2898 ergo
1208 2823 1235 2878 et

220 2906 268 2962 hic
292 2905 429 2964 laudavit
451 2908 526 2965 alios
549 2909 648 2982 poeta,
666 2908 698 2964 in
723 2907 821 2965 aliena
838 2907 926 2966 laude
945 2911 982 2966 ut
999 2908 1147 2983 potiorem
1166 2907 1235 2968 Gae-
1289 2985 1292 2990 Ι

221 3012 316 3052 sarem
336 2996 454 3053 faceret.
486 3000 513 3054 et
530 2996 698 3054 dabitemus
717 2996 813 3055 adbuc
831 2999 966 3055 ntrtntern
985 2998 1133 3055 entendae
1146 2997 1235 3069 fatis?
1289 3025 1292 3094 Ξ

292 3218 473 3272 3rnaeotides
491 3217 516 3269 V
535 3218 591 3272 -de's
609 3234 658 3270 nos
680 3219 820 3272 Maeotica
839 3219 882 3272 ed.
943 3224 1039 3273 lacre
1052 3219 1149 3287 pedem
1168 3219 1202 3274 V.
1289 3160 1292 3267 i

222 3290 379 3356 Splacaret
392 3288 425 3340 V.
481 3289 676 3357 tarantasV
691 3290 734 3342 ed.
750 3292 874 3359 anamais
892 3306 950 3344 nos.
968 3292 972 3359 Ι
989 3290 1073 3345 elleV
1092 3292 1110 3344 r'.
1126 3294 1177 3360 qni
1194 3290 1234 3348 ed.
1289 3292 1292 3359 l

275 3366 308 3412 14
327 3360 447 3426 eaeraplo
465 3359 490 3411 V
510 3376 578 3413 corr.
598 3360 640 3412 ed.
706 3367 738 3413 15
758 3367 782 3414 et
801 3362 941 3415 Baccharn
959 3378 1013 3415 om.
1028 3362 1053 3414 V
1072 3363 1165 3431 suppl.
1181 3362 1234 3417 ed:

221 3446 257 3483 an
276 3437 301 3484 et
319 3431 468 3484 Liberam?
492 3432 495 3499 l
521 3448 626 3485 ceream
644 3433 709 3499 poet
727 3432 796 3485 alter
814 3435 952 3501 transpos.
968 3433 1011 3487 ed.
1085 3438 1119 3487 16
1138 3436 1235 3490 virtute
1291 3446 1292 3454 ¹

221 3518 274 3555 om.
291 3502 332 3554 ed.
350 3505 354 3570 Ι
375 3503 566 3570 erymantbam
584 3501 609 3553 V
628 3502 670 3555 cd.
689 3506 692 3570 l
713 3509 771 3556 arte
789 3502 815 3555 V
834 3521 900 3557 area
919 3504 962 3557 ed.
1027 3510 1059 3557 17
1079 3504 1236 3561 transcendi
1288 3459 1292 3560 i

220 3591 330 3643 ennean
349 3573 374 3625 V
394 3590 461 3626 corr.
477 3572 520 3626 ed.
602 3578 634 3625 18
653 3574 696 3626 bis
714 3573 739 3625 V
757 3574 801 3627 bic
820 3574 862 3627 ed.
950 3581 981 3627 21
1003 3578 1150 3631 terrentius
1169 3577 1201 3631 V.

221 3650 254 3698 28
275 3645 434 3698 laudatione
453 3644 495 3697 ed.
513 3646 517 3711 Ι
538 3651 569 3696 at
587 3646 654 3697 ante
672 3644 704 3695 in
723 3646 861 3712 transpos.
877 3646 920 3698 ed.
995 3652 1028 3699 29
1047 3649 1116 3702 ciris
1134 3647 1169 3714 V,
1189 3646 1234 3701 scd

220 3717 288 3783 fatis
306 3715 471 3786 explicatur,
492 3731 578 3783 quare
597 3715 650 3768 hoc
669 3713 804 3767 substitui
824 3732 887 3768 cum
907 3716 1027 3784 Hoppio,
1046 3720 1130 3783 factis
1149 3721 1193 3774 ed.
1222 3771 1235 3781 .,
