2734 4159
203 332 269 395 364
483 327 623 383 Donum
640 327 810 382 mouera.
828 325 936 383 VERG.

202 501 319 558 teneret
344 499 549 574 plenissimam
576 499 772 574 potestatem,
800 497 831 555 et
857 514 894 556 ne
917 495 1056 557 Troianis
1082 496 1218 558 invidens

204 591 388 665 expugnaret
401 586 528 646 Didonis
548 586 705 645 adfectum.
739 604 830 660 quam
844 585 1000 661 splendida
1014 585 1117 661 dictio,
1131 604 1219 662 quan

203 675 379 750 artificiosa,
403 695 479 752 quae
502 677 534 734 in
558 675 746 735 ordinatione
768 674 928 734 verborum
950 674 1147 734 novissimam
1169 694 1218 752 po-

203 767 264 824 suit
290 760 436 825 Iunonem
463 783 517 823 nec
543 767 644 822 temen
672 763 852 824 novissimae
869 762 1081 834 sacrificatum
1109 783 1218 825 merno-

202 856 295 914 ravit:
319 854 454 913 addendo
477 854 557 911 enim
580 856 649 911 ante
668 854 765 912 omnis
784 852 915 913 ostendit
932 852 992 930 ipsi
1009 855 1108 930 primo
1121 856 1218 914 sacri-
1235 869 1250 911 u

150 950 185 999 60
202 943 336 1002 ficiorum
368 943 494 1002 honores
527 941 682 1001 exhibitos.
727 944 796 1016 boso
822 946 920 1001 teneas
952 942 1055 1001 deutra
1082 947 1219 1017 poteram

197 1034 398 1106 pulcherima
415 1032 496 1091 Dido
520 1032 670 1090 madentis
692 1048 797 1091 ooeooe
813 1032 911 1091 modio
929 1032 1005 1091 inter
1021 1048 1135 1092 eorum
1153 1034 1218 1107 toro

203 1122 247 1179 dit
268 1126 327 1180 aot
343 1126 410 1180 eote
432 1138 485 1180 oro
508 1122 595 1179 deum
611 1122 736 1193 pinquis
758 1122 906 1193 spatietur
928 1121 969 1179 od
991 1138 1078 1179 orae·
1109 1121 1220 1181 fiebant

202 1231 256 1286 per
284 1211 359 1268 alios
389 1211 463 1284 alia,
489 1209 569 1268 Dido
595 1228 666 1268 vero
695 1208 802 1268 officio·
820 1208 986 1268 sacerdotis·
1009 1210 1116 1269 functa
1143 1212 1220 1270 inter

202 1318 311 1358 vaccae
339 1318 448 1357 cornua
480 1302 616 1373 pateram
643 1298 789 1356 fundebat
816 1301 870 1356 aut
897 1300 967 1357 ante
995 1317 1062 1357 aras
1090 1301 1253 1379 pinguiam

203 1389 259 1447 boe
282 1391 328 1447 est
350 1406 490 1463 pecorum
514 1387 686 1462 corporibus
710 1389 857 1460 onerates,
875 1387 991 1462 inipso
1010 1388 1136 1447 deorum
1154 1408 1220 1449 cou-

204 1481 307 1553 speotu
330 1476 526 1552 spatiabatur,
547 1476 603 1535 hoe
621 1480 667 1535 est
686 1475 775 1535 eundi
794 1493 829 1534 ao
846 1475 990 1535 redeundi
1008 1478 1088 1536 vices
1107 1478 1220 1539 ereber-

202 1568 295 1625 rimas
326 1565 515 1641 procurabat.
560 1567 763 1639 instauratque
795 1566 871 1624 diem
903 1566 1002 1625 doceis:
1038 1584 1138 1643 neque
1167 1568 1221 1628 boo

203 1655 308 1728 semel,
340 1655 392 1713 sed
424 1654 542 1729 saepius
567 1653 712 1728 faciebat,
744 1658 779 1712 ut
806 1653 982 1729 produceret
1009 1654 1089 1713 diem
1117 1658 1221 1717 volens

203 1744 318 1803 diutius
341 1743 450 1803 bebere
473 1746 660 1819 praesentem
684 1762 772 1818 quem
791 1742 920 1802 amabat.
954 1745 1162 1819 pecudumque
1178 1761 1256 1820 refrt

203 1834 293 1893 closis
310 1834 477 1907 pectoribus
499 1833 619 1891 lobiens
641 1834 789 1905 spirantia
812 1833 936 1891 eoosole't
956 1837 1036 1892 erto:
1059 1836 1223 1909 quaerebat

204 1923 308 1981 futura
330 1924 362 1979 in
385 1922 578 1980 interioribus
601 1940 751 1997 pecorum.
789 1921 918 1980 ¹consulit
940 1923 984 1981 sie
1003 1925 1116 1998 posuit
1136 1926 1222 2001 quasi

204 2015 271 2071 exta
294 2015 417 2087 possent
439 2017 543 2070 revera
566 2010 637 2069 dare
659 2027 848 2085 responsum:
872 2010 923 2069 sed
942 2010 1082 2071 videntur
1099 2031 1224 2089 respon·

203 2101 285 2175 dere,
313 2100 385 2159 dum
412 2101 630 2160 consulentium
657 2099 770 2158 visibus
798 2100 883 2176 signa
907 2101 1082 2160 commissae
1105 2103 1223 2162 oonsul-

151 2190 329 2249 tutationis
353 2189 521 2249 ostendunt.
567 2190 624 2247 bero
644 2192 746 2247 cetero
768 2190 893 2261 toooroe
914 2191 1038 2248 meumst
1060 2191 1133 2263 qaid
1155 2196 1264 2251 cotom

203 2281 357 2352 furentem,
380 2280 451 2352 qood
473 2279 596 2338 delubro
617 2278 741 2336 tooaot?
765 2280 806 2335 est
822 2277 919 2335 moltis
936 2280 1058 2349 flammo
1076 2279 1225 2340 medullas

204 2371 315 2427 intereo
329 2372 356 2427 et
368 2371 488 2427 tacituro
500 2369 572 2426 otoc't
585 2368 639 2425 sot
647 2370 763 2440 pectore
776 2366 898 2424 octoas:
920 2366 1041 2442 fiebant,
1059 2369 1170 2445 inquit,
1183 2370 1226 2429 ab

203 2457 431 2533 inprudentibus
450 2475 535 2516 saera
553 2456 644 2515 nullis
664 2474 799 2514 cruorum
813 2456 1040 2515 necessitatibus
1053 2459 1226 2534 profutura,

204 2547 315 2604 fiebant
339 2545 376 2604 ab
399 2545 447 2604 his
472 2548 523 2620 qui
547 2546 605 2604 sibi
628 2545 713 2605 velut
735 2544 920 2603 vaticinandi
943 2547 1101 2605 seientiam
1123 2548 1225 2607 vindi-

205 2639 307 2692 carent
330 2638 373 2708 et,
401 2653 469 2692 cum
492 2634 572 2692 aliud
598 2638 751 2711 ageretur,
774 2652 833 2692 non
856 2634 1071 2711 intellegebant
1093 2635 1226 2697 Didonis
1241 2660 1266 2701 so

205 2723 350 2795 ardorem,
369 2723 541 2799 profuturos
561 2742 592 2782 se
611 2721 835 2781 arbitrabuntur
853 2723 899 2781 his
914 2742 990 2799 quae
1003 2725 1227 2787 interveniente

205 2814 393 2888 ignoratione
414 2814 569 2870 nescirent.
611 2811 683 2886 quid
707 2813 787 2870 enim
809 2830 886 2887 quae
909 2812 1101 2872 solvebantur
1123 2818 1226 2875 numi·

205 2900 293 2959 nibus
321 2903 392 2959 vota
418 2902 532 2959 amanti
554 2898 693 2975 prodesse
715 2904 884 2975 potuerant,
908 2919 974 2959 oum
998 2903 1107 2961 amoris
1131 2904 1228 2964 arder

205 2992 265 3048 iam
290 2989 401 3046 dudum
424 2989 555 3047 molliter
577 3007 697 3063 serpens
719 2992 750 3046 in
774 2990 961 3049 inmoderata
988 2991 1125 3051 incendia
1153 3012 1227 3069 pro-

205 3077 354 3154 rupisset?
401 3080 446 3136 est
468 3078 568 3137 mollis
590 3077 711 3136 flamma
734 3078 880 3138 medullas
902 3082 1019 3139 interea
1041 3084 1071 3140 et
1093 3083 1226 3143 tacitum
1241 3108 1266 3148 er

205 3168 281 3227 vivit
309 3167 362 3226 sub
391 3170 509 3242 pectore
533 3166 653 3240 vulnus,
681 3169 781 3225 emtor
802 3169 907 3240 infolio
929 3170 1010 3228 Dido
1033 3174 1147 3243 totoque
1171 3191 1227 3232 oa-

202 3261 292 3330 φαίην
313 3257 385 3314 orbe
407 3257 524 3328 foreas:
556 3256 696 3329 denique,
724 3274 790 3314 cum
813 3257 868 3316 illa
892 3260 992 3317 omnia
1016 3259 1128 3318 frustra
1152 3278 1226 3340 age-

204 3349 316 3418 rentur,
331 3363 414 3403 amor
428 3344 554 3403 Didonis
572 3343 717 3403 medullas
737 3349 766 3403 et
785 3347 899 3406 viscera
918 3349 1110 3407 consumebat
1124 3368 1226 3426 neque

277 3503 292 3549 4
311 3498 474 3550 πουίεείνηαε
495 3496 517 3548 L
535 3495 578 3549 ed.
599 3511 651 3547 -me
672 3494 701 3547 a.
805 3502 838 3549 18
862 3516 971 3554 evocare
990 3499 1015 3552 a
1037 3517 1162 3555 revocare
1182 3503 1226 3557 Lr

204 3586 297 3624 revera
311 3569 377 3622 dore
390 3584 449 3622 noe.
515 3573 548 3620 26
567 3566 693 3621 ardorem
703 3567 867 3634 prosatores
880 3565 933 3623 th
946 3570 994 3625 sect
1007 3570 1141 3641 interpoe.
1153 3574 1198 3629 ed.
1217 3577 1222 3649 Ι

199 3642 298 3712 lateque
315 3640 338 3694 L
355 3641 399 3695 trs
417 3657 486 3711 qaue
504 3639 536 3693 R.
636 3641 669 3688 27
689 3637 865 3707 ignorantiae
883 3641 908 3694 a
926 3643 1098 3713 ignoratione
1116 3644 1166 3700 Lr.

189 3720 229 3769 32
243 3716 491 3790 fmetropereotor
509 3711 562 3769 th
580 3710 689 3781 [nebo
707 3715 861 3781 peracuto
876 3728 902 3763 r.
