<?xml version="1.0" encoding="UTF-8"?>
<!DOCTYPE html PUBLIC "-//W3C//DTD XHTML 1.0 Transitional//EN"
    "http://www.w3.org/TR/xhtml1/DTD/xhtml1-transitional.dtd">
<html xmlns="http://www.w3.org/1999/xhtml" xml:lang="en" lang="en">
 <head>
  <title>
</title>
<meta http-equiv="Content-Type" content="text/html;charset=utf-8" />
  <meta name='ocr-system' content='tesseract 3.04.00' />
  <meta name='ocr-capabilities' content='ocr_page ocr_carea ocr_par ocr_line ocrx_word'/>
</head>
<body>
  <div class='ocr_page' id='page_1' title='image "./tibericlaudidon02georgoog_0368.png"; bbox 0 0 2734 4159; ppageno 0'>
   <div class='ocr_carea' id='block_1_1' title="bbox 578 332 1212 398">
    <p class='ocr_par' dir='ltr' id='par_1_1' title="bbox 578 332 1212 398">
     <span class='ocr_line' id='line_1_1' title="bbox 578 332 1212 398; baseline -0.003 -9"><span class='ocrx_word' id='word_1_1' title='bbox 578 332 762 389; x_wconf 64' lang='lat' dir='ltr'><strong>aomos</strong></span> <span class='ocrx_word' id='word_1_2' title='bbox 779 332 819 388; x_wconf 91' lang='lat'><strong>111</strong></span> <span class='ocrx_word' id='word_1_3' title='bbox 1145 332 1212 398; x_wconf 74' lang='grc'><strong>307</strong></span> 
     </span>
    </p>
   </div>
   <div class='ocr_carea' id='block_1_2' title="bbox 141 501 1264 3073">
    <p class='ocr_par' dir='ltr' id='par_1_2' title="bbox 141 501 1264 3073">
     <span class='ocr_line' id='line_1_2' title="bbox 193 501 1212 577; baseline 0 -15"><span class='ocrx_word' id='word_1_4' title='bbox 193 505 285 577; x_wconf 76' lang='lat' dir='ltr'><strong>capes</strong></span> <span class='ocrx_word' id='word_1_5' title='bbox 313 506 340 561; x_wconf 81' lang='lat' dir='ltr'><strong>ct</strong></span> <span class='ocrx_word' id='word_1_6' title='bbox 366 504 462 562; x_wconf 72' lang='lat' dir='ltr'><strong>tristia</strong></span> <span class='ocrx_word' id='word_1_7' title='bbox 490 502 568 561; x_wconf 84' lang='lat' dir='ltr'><strong>dona</strong></span> <span class='ocrx_word' id='word_1_8' title='bbox 596 507 663 561; x_wconf 81' lang='lat' dir='ltr'><strong>acte</strong></span> <span class='ocrx_word' id='word_1_9' title='bbox 689 503 791 561; x_wconf 83' lang='lat' dir='ltr'><strong>arbem</strong></span> <span class='ocrx_word' id='word_1_10' title='bbox 817 505 850 561; x_wconf 83' lang='lat' dir='ltr'><strong>ia</strong></span> <span class='ocrx_word' id='word_1_11' title='bbox 877 502 940 559; x_wconf 86' lang='lat' dir='ltr'><strong>laco</strong></span> <span class='ocrx_word' id='word_1_12' title='bbox 963 502 1034 574; x_wconf 74' lang='lat' dir='ltr'><strong>falsi</strong></span> <span class='ocrx_word' id='word_1_13' title='bbox 1055 501 1212 563; x_wconf 72' lang='lat' dir='ltr'><strong><em>Simoentis</em></strong></span> 
     </span>
     <span class='ocr_line' id='line_1_3' title="bbox 193 589 1212 664; baseline 0 -13"><span class='ocrx_word' id='word_1_14' title='bbox 193 594 235 651; x_wconf 86' lang='lat' dir='ltr'><strong>ad</strong></span> <span class='ocrx_word' id='word_1_15' title='bbox 263 592 377 651; x_wconf 83' lang='lat' dir='ltr'><strong>cadam</strong></span> <span class='ocrx_word' id='word_1_16' title='bbox 406 592 517 651; x_wconf 78' lang='lat' dir='ltr'><strong>libabat</strong></span> <span class='ocrx_word' id='word_1_17' title='bbox 548 594 640 651; x_wconf 70' lang='lat' dir='ltr'><strong>aceri</strong></span> <span class='ocrx_word' id='word_1_18' title='bbox 670 589 877 650; x_wconf 72' lang='lat' dir='ltr'><em>Andromache</em></span> <span class='ocrx_word' id='word_1_19' title='bbox 907 593 1060 664; x_wconf 65' lang='lat' dir='ltr'><strong>monacas</strong></span> <span class='ocrx_word' id='word_1_20' title='bbox 1090 593 1212 651; x_wconf 80' lang='lat' dir='ltr'><strong>vocabat</strong></span> 
     </span>
     <span class='ocr_line' id='line_1_4' title="bbox 192 679 1264 753; baseline -0.003 -14"><span class='ocrx_word' id='word_1_21' title='bbox 192 682 369 740; x_wconf 73' lang='lat' dir='ltr'><strong>Hectorem</strong></span> <span class='ocrx_word' id='word_1_22' title='bbox 395 680 436 739; x_wconf 84' lang='lat' dir='ltr'><strong>ad</strong></span> <span class='ocrx_word' id='word_1_23' title='bbox 463 681 620 749; x_wconf 71' lang='lat' dir='ltr'><strong>tanatum,</strong></span> <span class='ocrx_word' id='word_1_24' title='bbox 650 679 743 740; x_wconf 73' lang='lat' dir='ltr'><strong>viridi</strong></span> <span class='ocrx_word' id='word_1_25' title='bbox 770 698 853 753; x_wconf 81' lang='lat' dir='ltr'><strong>qaam</strong></span> <span class='ocrx_word' id='word_1_26' title='bbox 880 681 1003 753; x_wconf 82' lang='lat' dir='ltr'><strong>caespite</strong></span> <span class='ocrx_word' id='word_1_27' title='bbox 1029 682 1149 748; x_wconf 72' lang='lat' dir='ltr'><strong>maaca</strong></span> <span class='ocrx_word' id='word_1_28' title='bbox 1176 685 1264 741; x_wconf 72' lang='lat' dir='ltr'><strong>acco</strong></span> 
     </span>
     <span class='ocr_line' id='line_1_5' title="bbox 191 768 1210 846; baseline -0.001 -17"><span class='ocrx_word' id='word_1_29' title='bbox 191 773 333 844; x_wconf 68' lang='lat' dir='ltr'><strong>cemicas,</strong></span> <span class='ocrx_word' id='word_1_30' title='bbox 352 786 473 828; x_wconf 83' lang='lat' dir='ltr'><strong>aaasam</strong></span> <span class='ocrx_word' id='word_1_31' title='bbox 491 770 631 837; x_wconf 63' lang='lat' dir='ltr'><strong>lammis</strong></span> <span class='ocrx_word' id='word_1_32' title='bbox 653 773 826 829; x_wconf 70' lang='lat' dir='ltr'><strong><em>sacraverat</em></strong></span> <span class='ocrx_word' id='word_1_33' title='bbox 848 787 934 827; x_wconf 89' lang='lat' dir='ltr'><strong>aras:</strong></span> <span class='ocrx_word' id='word_1_34' title='bbox 957 768 1085 845; x_wconf 86' lang='lat' dir='ltr'><strong>quando,</strong></span> <span class='ocrx_word' id='word_1_35' title='bbox 1102 770 1210 846; x_wconf 90' lang='lat' dir='ltr'><strong>inquit,</strong></span> 
     </span>
     <span class='ocr_line' id='line_1_6' title="bbox 165 857 1211 935; baseline -0.001 -16"><span class='ocrx_word' id='word_1_36' title='bbox 165 880 178 921; x_wconf 80' lang='lat' dir='ltr'><strong>e</strong></span> <span class='ocrx_word' id='word_1_37' title='bbox 194 860 234 917; x_wconf 90' lang='lat' dir='ltr'><strong>ad</strong></span> <span class='ocrx_word' id='word_1_38' title='bbox 252 859 400 918; x_wconf 90' lang='lat' dir='ltr'><strong>Helenum</strong></span> <span class='ocrx_word' id='word_1_39' title='bbox 423 858 591 935; x_wconf 80' lang='lat' dir='ltr'>pergebam,</span> <span class='ocrx_word' id='word_1_40' title='bbox 611 858 693 934; x_wconf 91' lang='lat' dir='ltr'><strong>quod</strong></span> <span class='ocrx_word' id='word_1_41' title='bbox 716 858 816 916; x_wconf 87' lang='lat' dir='ltr'><strong>decuit</strong></span> <span class='ocrx_word' id='word_1_42' title='bbox 840 877 962 935; x_wconf 77' lang='lat' dir='ltr'><strong>gravem</strong></span> <span class='ocrx_word' id='word_1_43' title='bbox 985 857 1091 932; x_wconf 88' lang='lat' dir='ltr'><strong>virum,</strong></span> <span class='ocrx_word' id='word_1_44' title='bbox 1110 862 1146 918; x_wconf 85' lang='lat' dir='ltr'><strong>ut</strong></span> <span class='ocrx_word' id='word_1_45' title='bbox 1163 861 1211 918; x_wconf 80' lang='lat' dir='ltr'><strong>vir</strong></span> 
     </span>
     <span class='ocr_line' id='line_1_7' title="bbox 192 946 1211 1024; baseline -0.002 -16"><span class='ocrx_word' id='word_1_46' title='bbox 192 950 259 1008; x_wconf 83' lang='lat' dir='ltr'><strong>viro</strong></span> <span class='ocrx_word' id='word_1_47' title='bbox 282 950 428 1007; x_wconf 74' lang='lat' dir='ltr'><strong>referente</strong></span> <span class='ocrx_word' id='word_1_48' title='bbox 452 947 620 1007; x_wconf 87' lang='lat' dir='ltr'><strong>desiderata</strong></span> <span class='ocrx_word' id='word_1_49' title='bbox 643 966 863 1024; x_wconf 77' lang='lat' dir='ltr'><strong>cognoscerem:</strong></span> <span class='ocrx_word' id='word_1_50' title='bbox 886 946 937 1007; x_wconf 89' lang='lat' dir='ltr'><strong>sed</strong></span> <span class='ocrx_word' id='word_1_51' title='bbox 960 949 1083 1006; x_wconf 87' lang='lat' dir='ltr'><strong>eventus</strong></span> <span class='ocrx_word' id='word_1_52' title='bbox 1106 948 1211 1007; x_wconf 87' lang='lat' dir='ltr'><strong>attulit</strong></span> 
     </span>
     <span class='ocr_line' id='line_1_8' title="bbox 191 1036 1210 1114; baseline -0.001 -18"><span class='ocrx_word' id='word_1_53' title='bbox 191 1039 288 1114; x_wconf 90' lang='lat' dir='ltr'><strong>ipsius</strong></span> <span class='ocrx_word' id='word_1_54' title='bbox 306 1038 434 1113; x_wconf 88' lang='lat' dir='ltr'><strong>primam</strong></span> <span class='ocrx_word' id='word_1_55' title='bbox 447 1036 675 1097; x_wconf 82' lang='lat' dir='ltr'><strong>Andromachae</strong></span> <span class='ocrx_word' id='word_1_56' title='bbox 694 1038 909 1112; x_wconf 66' lang='lat' dir='ltr'><strong>praesentiam</strong></span> <span class='ocrx_word' id='word_1_57' title='bbox 927 1054 998 1094; x_wconf 88' lang='lat' dir='ltr'><strong>nam</strong></span> <span class='ocrx_word' id='word_1_58' title='bbox 1016 1036 1091 1094; x_wconf 84' lang='lat' dir='ltr'><strong>haut</strong></span> <span class='ocrx_word' id='word_1_59' title='bbox 1106 1037 1210 1111; x_wconf 91' lang='lat' dir='ltr'><strong>procul</strong></span> 
     </span>
     <span class='ocr_line' id='line_1_9' title="bbox 191 1124 1210 1201; baseline -0.003 -15"><span class='ocrx_word' id='word_1_60' title='bbox 191 1146 210 1186; x_wconf 86' lang='lat' dir='ltr'><strong>a</strong></span> <span class='ocrx_word' id='word_1_61' title='bbox 235 1126 361 1186; x_wconf 84' lang='lat' dir='ltr'><strong>navibus</strong></span> <span class='ocrx_word' id='word_1_62' title='bbox 384 1126 548 1185; x_wconf 87' lang='lat' dir='ltr'><strong>constituta</strong></span> <span class='ocrx_word' id='word_1_63' title='bbox 575 1127 608 1184; x_wconf 91' lang='lat' dir='ltr'><strong>in</strong></span> <span class='ocrx_word' id='word_1_64' title='bbox 631 1126 698 1184; x_wconf 79' lang='lat' dir='ltr'><strong>luco</strong></span> <span class='ocrx_word' id='word_1_65' title='bbox 722 1127 775 1201; x_wconf 90' lang='lat' dir='ltr'><strong>qui</strong></span> <span class='ocrx_word' id='word_1_66' title='bbox 798 1129 881 1183; x_wconf 81' lang='lat' dir='ltr'><strong>extra</strong></span> <span class='ocrx_word' id='word_1_67' title='bbox 904 1124 1056 1184; x_wconf 85' lang='lat' dir='ltr'><strong>civitatem</strong></span> <span class='ocrx_word' id='word_1_68' title='bbox 1079 1125 1139 1184; x_wconf 82' lang='lat' dir='ltr'><strong>suit</strong></span> <span class='ocrx_word' id='word_1_69' title='bbox 1162 1125 1210 1183; x_wconf 92' lang='lat' dir='ltr'><strong>de-</strong></span> 
     </span>
     <span class='ocr_line' id='line_1_10' title="bbox 190 1214 1209 1289; baseline -0.002 -15"><span class='ocrx_word' id='word_1_70' title='bbox 190 1218 297 1275; x_wconf 85' lang='lat' dir='ltr'><strong>functo</strong></span> <span class='ocrx_word' id='word_1_71' title='bbox 315 1215 447 1289; x_wconf 79' lang='lat' dir='ltr'><strong>Hectori,</strong></span> <span class='ocrx_word' id='word_1_72' title='bbox 465 1216 498 1273; x_wconf 91' lang='lat' dir='ltr'><strong>in</strong></span> <span class='ocrx_word' id='word_1_73' title='bbox 522 1216 605 1274; x_wconf 90' lang='lat' dir='ltr'><strong>cuius</strong></span> <span class='ocrx_word' id='word_1_74' title='bbox 628 1215 821 1273; x_wconf 88' lang='lat' dir='ltr'><strong>matrimonio</strong></span> <span class='ocrx_word' id='word_1_75' title='bbox 844 1214 988 1273; x_wconf 91' lang='lat' dir='ltr'><strong>ineolumi</strong></span> <span class='ocrx_word' id='word_1_76' title='bbox 1009 1216 1110 1289; x_wconf 88' lang='lat' dir='ltr'><strong>patria</strong></span> <span class='ocrx_word' id='word_1_77' title='bbox 1128 1217 1209 1272; x_wconf 91' lang='lat' dir='ltr'><strong>tene·</strong></span> 
     </span>
     <span class='ocr_line' id='line_1_11' title="bbox 148 1303 1210 1380; baseline -0.003 -14"><span class='ocrx_word' id='word_1_78' title='bbox 148 1326 176 1366; x_wconf 85' lang='lat' dir='ltr'><strong>ro</strong></span> <span class='ocrx_word' id='word_1_79' title='bbox 190 1306 291 1380; x_wconf 86' lang='lat' dir='ltr'><strong>batur,</strong></span> <span class='ocrx_word' id='word_1_80' title='bbox 313 1303 456 1363; x_wconf 86' lang='lat' dir='ltr'><strong>reddebat</strong></span> <span class='ocrx_word' id='word_1_81' title='bbox 478 1306 565 1363; x_wconf 87' lang='lat' dir='ltr'><strong>triste</strong></span> <span class='ocrx_word' id='word_1_82' title='bbox 589 1303 771 1379; x_wconf 87' lang='lat' dir='ltr'><strong>obsequium.</strong></span> <span class='ocrx_word' id='word_1_83' title='bbox 817 1303 881 1362; x_wconf 88' lang='lat' dir='ltr'><strong>illic</strong></span> <span class='ocrx_word' id='word_1_84' title='bbox 907 1303 986 1362; x_wconf 90' lang='lat' dir='ltr'><strong>enim</strong></span> <span class='ocrx_word' id='word_1_85' title='bbox 1013 1305 1210 1363; x_wconf 87' lang='lat' dir='ltr'><strong>constituerat</strong></span> 
     </span>
     <span class='ocr_line' id='line_1_12' title="bbox 190 1392 1210 1467; baseline -0.002 -14"><span class='ocrx_word' id='word_1_86' title='bbox 190 1396 315 1453; x_wconf 89' lang='lat' dir='ltr'><strong>inanem</strong></span> <span class='ocrx_word' id='word_1_87' title='bbox 345 1393 401 1451; x_wconf 90' lang='lat' dir='ltr'><strong>hoc</strong></span> <span class='ocrx_word' id='word_1_88' title='bbox 433 1396 479 1452; x_wconf 89' lang='lat' dir='ltr'><strong>est</strong></span> <span class='ocrx_word' id='word_1_89' title='bbox 510 1394 578 1451; x_wconf 84' lang='lat' dir='ltr'><strong>sine·</strong></span> <span class='ocrx_word' id='word_1_90' title='bbox 606 1394 709 1451; x_wconf 84' lang='lat' dir='ltr'><strong>funere</strong></span> <span class='ocrx_word' id='word_1_91' title='bbox 741 1393 871 1451; x_wconf 90' lang='lat' dir='ltr'><strong>hominis</strong></span> <span class='ocrx_word' id='word_1_92' title='bbox 903 1392 1054 1451; x_wconf 89' lang='lat' dir='ltr'><strong>tumulum</strong></span> <span class='ocrx_word' id='word_1_93' title='bbox 1087 1395 1210 1467; x_wconf 89' lang='lat' dir='ltr'><strong>propter</strong></span> 
     </span>
     <span class='ocr_line' id='line_1_13' title="bbox 189 1481 1210 1558; baseline -0.002 -16"><span class='ocrx_word' id='word_1_94' title='bbox 189 1484 385 1542; x_wconf 89' lang='lat' dir='ltr'><strong>lacrimarum</strong></span> <span class='ocrx_word' id='word_1_95' title='bbox 407 1501 537 1555; x_wconf 87' lang='lat' dir='ltr'><strong>causam,</strong></span> <span class='ocrx_word' id='word_1_96' title='bbox 560 1484 595 1540; x_wconf 90' lang='lat' dir='ltr'><strong>ut</strong></span> <span class='ocrx_word' id='word_1_97' title='bbox 617 1484 704 1558; x_wconf 91' lang='lat' dir='ltr'><strong>quasi</strong></span> <span class='ocrx_word' id='word_1_98' title='bbox 726 1481 883 1541; x_wconf 87' lang='lat' dir='ltr'><strong>adversam</strong></span> <span class='ocrx_word' id='word_1_99' title='bbox 905 1481 1006 1540; x_wconf 89' lang='lat' dir='ltr'><strong>mariti</strong></span> <span class='ocrx_word' id='word_1_100' title='bbox 1034 1484 1210 1541; x_wconf 79' lang='lat' dir='ltr'><strong>memoriam</strong></span> 
     </span>
     <span class='ocr_line' id='line_1_14' title="bbox 190 1569 1208 1649; baseline -0.001 -18"><span class='ocrx_word' id='word_1_101' title='bbox 190 1590 338 1649; x_wconf 81' lang='lat' dir='ltr'><strong>peragens</strong></span> <span class='ocrx_word' id='word_1_102' title='bbox 356 1572 542 1631; x_wconf 82' lang='lat' dir='ltr'><strong>occasionem</strong></span> <span class='ocrx_word' id='word_1_103' title='bbox 559 1570 650 1629; x_wconf 89' lang='lat' dir='ltr'><strong>flendi</strong></span> <span class='ocrx_word' id='word_1_104' title='bbox 668 1569 792 1630; x_wconf 87' lang='lat' dir='ltr'><strong>haberet</strong></span> <span class='ocrx_word' id='word_1_105' title='bbox 811 1573 841 1629; x_wconf 89' lang='lat' dir='ltr'><strong>et</strong></span> <span class='ocrx_word' id='word_1_106' title='bbox 860 1590 927 1629; x_wconf 92' lang='lat' dir='ltr'><strong>eum</strong></span> <span class='ocrx_word' id='word_1_107' title='bbox 942 1570 981 1629; x_wconf 90' lang='lat' dir='ltr'><strong>ad</strong></span> <span class='ocrx_word' id='word_1_108' title='bbox 994 1571 1090 1629; x_wconf 84' lang='lat' dir='ltr'><strong>tristis</strong></span> <span class='ocrx_word' id='word_1_109' title='bbox 1105 1571 1208 1647; x_wconf 89' lang='lat' dir='ltr'><strong>epulas</strong></span> 
     </span>
     <span class='ocr_line' id='line_1_15' title="bbox 191 1659 1208 1734; baseline -0.001 -15"><span class='ocrx_word' id='word_1_110' title='bbox 191 1661 360 1721; x_wconf 78' lang='lat' dir='ltr'><strong>advocaret.</strong></span> <span class='ocrx_word' id='word_1_111' title='bbox 407 1660 564 1734; x_wconf 88' lang='lat' dir='ltr'><strong>descripsit</strong></span> <span class='ocrx_word' id='word_1_112' title='bbox 590 1679 657 1719; x_wconf 86' lang='lat' dir='ltr'><strong>eam</strong></span> <span class='ocrx_word' id='word_1_113' title='bbox 683 1659 776 1719; x_wconf 76' lang='lat' dir='ltr'><strong>trisse</strong></span> <span class='ocrx_word' id='word_1_114' title='bbox 802 1662 835 1719; x_wconf 91' lang='lat' dir='ltr'><strong>in</strong></span> <span class='ocrx_word' id='word_1_115' title='bbox 861 1660 928 1718; x_wconf 90' lang='lat' dir='ltr'><strong>luco</strong></span> <span class='ocrx_word' id='word_1_116' title='bbox 952 1663 982 1718; x_wconf 89' lang='lat' dir='ltr'><strong>et</strong></span> <span class='ocrx_word' id='word_1_117' title='bbox 1004 1659 1208 1734; x_wconf 81' lang='lat' dir='ltr'><strong>parentalibus</strong></span> 
     </span>
     <span class='ocr_line' id='line_1_16' title="bbox 146 1748 1210 1825; baseline -0.003 -14"><span class='ocrx_word' id='word_1_118' title='bbox 146 1771 176 1811; x_wconf 85' lang='lat' dir='ltr'><strong>rs</strong></span> <span class='ocrx_word' id='word_1_119' title='bbox 191 1749 343 1825; x_wconf 84' lang='lat' dir='ltr'><strong>obsequiis</strong></span> <span class='ocrx_word' id='word_1_120' title='bbox 362 1751 547 1825; x_wconf 90' lang='lat' dir='ltr'><strong>occupatam.</strong></span> <span class='ocrx_word' id='word_1_121' title='bbox 584 1748 739 1808; x_wconf 86' lang='lat' dir='ltr'><strong>videamus</strong></span> <span class='ocrx_word' id='word_1_122' title='bbox 757 1750 860 1807; x_wconf 90' lang='lat' dir='ltr'><strong>utrum</strong></span> <span class='ocrx_word' id='word_1_123' title='bbox 878 1750 968 1824; x_wconf 84' lang='lat' dir='ltr'><strong>poeta</strong></span> <span class='ocrx_word' id='word_1_124' title='bbox 986 1767 1099 1807; x_wconf 89' lang='lat' dir='ltr'><strong>mernor</strong></span> <span class='ocrx_word' id='word_1_125' title='bbox 1117 1750 1210 1808; x_wconf 88' lang='lat' dir='ltr'><strong>fuerit</strong></span> 
     </span>
     <span class='ocr_line' id='line_1_17' title="bbox 190 1830 1231 1918; baseline -0.002 -19"><span class='ocrx_word' id='word_1_126' title='bbox 190 1840 253 1914; x_wconf 81' lang='lat' dir='ltr'><strong>sui3</strong></span> <span class='ocrx_word' id='word_1_127' title='bbox 289 1858 350 1898; x_wconf 91' lang='lat' dir='ltr'><strong>non</strong></span> <span class='ocrx_word' id='word_1_128' title='bbox 377 1839 444 1897; x_wconf 88' lang='lat' dir='ltr'><strong>vult</strong></span> <span class='ocrx_word' id='word_1_129' title='bbox 471 1839 550 1896; x_wconf 92' lang='lat' dir='ltr'><strong>enim</strong></span> <span class='ocrx_word' id='word_1_130' title='bbox 578 1830 674 1918; x_wconf 81' lang='lat'>(299)</span> <span class='ocrx_word' id='word_1_131' title='bbox 701 1838 825 1896; x_wconf 78' lang='lat' dir='ltr'><strong>Aenean</strong></span> <span class='ocrx_word' id='word_1_132' title='bbox 852 1856 919 1895; x_wconf 90' lang='lat' dir='ltr'><strong>cum</strong></span> <span class='ocrx_word' id='word_1_133' title='bbox 946 1838 1070 1896; x_wconf 89' lang='lat' dir='ltr'><strong>muliere</strong></span> <span class='ocrx_word' id='word_1_134' title='bbox 1103 1840 1231 1913; x_wconf 86' lang='lat' dir='ltr'><strong>sponte.</strong></span> 
     </span>
     <span class='ocr_line' id='line_1_18' title="bbox 190 1926 1208 2002; baseline -0.003 -15"><span class='ocrx_word' id='word_1_135' title='bbox 190 1927 375 1988; x_wconf 89' lang='lat' dir='ltr'><strong>conseruisse</strong></span> <span class='ocrx_word' id='word_1_136' title='bbox 403 1928 594 2002; x_wconf 88' lang='lat' dir='ltr'><strong>conloquium</strong></span> <span class='ocrx_word' id='word_1_137' title='bbox 622 1926 703 2002; x_wconf 90' lang='lat' dir='ltr'><strong>quod</strong></span> <span class='ocrx_word' id='word_1_138' title='bbox 725 1928 841 1986; x_wconf 87' lang='lat' dir='ltr'><strong>veniret</strong></span> <span class='ocrx_word' id='word_1_139' title='bbox 864 1946 899 1985; x_wconf 86' lang='lat' dir='ltr'><strong>ex</strong></span> <span class='ocrx_word' id='word_1_140' title='bbox 922 1926 1117 2001; x_wconf 88' lang='lat' dir='ltr'><strong>dispositione</strong></span> <span class='ocrx_word' id='word_1_141' title='bbox 1140 1945 1208 2002; x_wconf 93' lang='lat' dir='ltr'><strong>pro·</strong></span> 
     </span>
     <span class='ocr_line' id='line_1_19' title="bbox 189 2016 1206 2093; baseline -0.003 -17"><span class='ocrx_word' id='word_1_142' title='bbox 189 2019 275 2093; x_wconf 91' lang='lat' dir='ltr'><strong>priae</strong></span> <span class='ocrx_word' id='word_1_143' title='bbox 295 2016 472 2091; x_wconf 81' lang='lat' dir='ltr'><strong>voluntatis3</strong></span> <span class='ocrx_word' id='word_1_144' title='bbox 495 2016 598 2075; x_wconf 80' lang='lat' dir='ltr'><strong>debuit</strong></span> <span class='ocrx_word' id='word_1_145' title='bbox 621 2016 758 2075; x_wconf 86' lang='lat' dir='ltr'><strong>atillam</strong></span> <span class='ocrx_word' id='word_1_146' title='bbox 781 2016 921 2075; x_wconf 88' lang='lat' dir='ltr'><strong>inducere</strong></span> <span class='ocrx_word' id='word_1_147' title='bbox 944 2017 1074 2090; x_wconf 88' lang='lat' dir='ltr'><strong>priorem</strong></span> <span class='ocrx_word' id='word_1_148' title='bbox 1097 2016 1206 2074; x_wconf 88' lang='lat' dir='ltr'><strong>vidisse</strong></span> 
     </span>
     <span class='ocr_line' id='line_1_20' title="bbox 189 2104 1208 2181; baseline -0.002 -16"><span class='ocrx_word' id='word_1_149' title='bbox 189 2107 328 2179; x_wconf 86' lang='lat' dir='ltr'><strong>Aenean,</strong></span> <span class='ocrx_word' id='word_1_150' title='bbox 356 2124 433 2181; x_wconf 82' lang='lat' dir='ltr'><strong>quae</strong></span> <span class='ocrx_word' id='word_1_151' title='bbox 461 2124 495 2163; x_wconf 82' lang='lat' dir='ltr'><strong>ex</strong></span> <span class='ocrx_word' id='word_1_152' title='bbox 521 2105 645 2164; x_wconf 85' lang='lat' dir='ltr'><strong>occultis</strong></span> <span class='ocrx_word' id='word_1_153' title='bbox 668 2105 729 2163; x_wconf 91' lang='lat' dir='ltr'><strong>luci</strong></span> <span class='ocrx_word' id='word_1_154' title='bbox 751 2105 833 2163; x_wconf 89' lang='lat' dir='ltr'><strong>illius</strong></span> <span class='ocrx_word' id='word_1_155' title='bbox 857 2104 963 2179; x_wconf 87' lang='lat' dir='ltr'><strong>spatiis</strong></span> <span class='ocrx_word' id='word_1_156' title='bbox 987 2105 1087 2179; x_wconf 87' lang='lat' dir='ltr'><strong>potuit</strong></span> <span class='ocrx_word' id='word_1_157' title='bbox 1109 2107 1208 2179; x_wconf 83' lang='lat' dir='ltr'><strong>prima</strong></span> 
     </span>
     <span class='ocr_line' id='line_1_21' title="bbox 143 2194 1208 2269; baseline -0.003 -14"><span class='ocrx_word' id='word_1_158' title='bbox 143 2216 175 2256; x_wconf 83' lang='lat' dir='ltr'><strong>ao</strong></span> <span class='ocrx_word' id='word_1_159' title='bbox 189 2195 360 2269; x_wconf 88' lang='lat' dir='ltr'><strong>conspicere</strong></span> <span class='ocrx_word' id='word_1_160' title='bbox 383 2195 560 2253; x_wconf 83' lang='lat' dir='ltr'><strong>venientem.</strong></span> <span class='ocrx_word' id='word_1_161' title='bbox 604 2199 638 2252; x_wconf 85' lang='lat' dir='ltr'><strong>at</strong></span> <span class='ocrx_word' id='word_1_162' title='bbox 658 2212 717 2262; x_wconf 84' lang='lat' dir='ltr'><strong>me,</strong></span> <span class='ocrx_word' id='word_1_163' title='bbox 741 2195 854 2269; x_wconf 88' lang='lat' dir='ltr'><strong>inquit,</strong></span> <span class='ocrx_word' id='word_1_164' title='bbox 882 2196 1029 2265; x_wconf 77' lang='lat' dir='ltr'><strong>ooaspecit</strong></span> <span class='ocrx_word' id='word_1_165' title='bbox 1050 2194 1208 2252; x_wconf 80' lang='lat' dir='ltr'><strong>ocaicatcm</strong></span> 
     </span>
     <span class='ocr_line' id='line_1_22' title="bbox 188 2283 1206 2351; baseline -0.002 -7"><span class='ocrx_word' id='word_1_166' title='bbox 188 2289 217 2344; x_wconf 83' lang='lat' dir='ltr'><strong>et</strong></span> <span class='ocrx_word' id='word_1_167' title='bbox 240 2285 332 2342; x_wconf 79' lang='lat' dir='ltr'><strong>Troia</strong></span> <span class='ocrx_word' id='word_1_168' title='bbox 355 2286 464 2342; x_wconf 81' lang='lat' dir='ltr'><strong>circam</strong></span> <span class='ocrx_word' id='word_1_169' title='bbox 487 2301 574 2341; x_wconf 83' lang='lat' dir='ltr'><strong>arma</strong></span> <span class='ocrx_word' id='word_1_170' title='bbox 596 2301 697 2341; x_wconf 80' lang='lat' dir='ltr'><strong>amens</strong></span> <span class='ocrx_word' id='word_1_171' title='bbox 719 2283 806 2351; x_wconf 78' lang='lat' dir='ltr'><strong>cidit,</strong></span> <span class='ocrx_word' id='word_1_172' title='bbox 832 2284 868 2340; x_wconf 90' lang='lat' dir='ltr'><strong>ut</strong></span> <span class='ocrx_word' id='word_1_173' title='bbox 891 2283 1081 2342; x_wconf 90' lang='lat' dir='ltr'><strong>consternata</strong></span> <span class='ocrx_word' id='word_1_174' title='bbox 1104 2301 1139 2341; x_wconf 86' lang='lat' dir='ltr'><strong>ex</strong></span> <span class='ocrx_word' id='word_1_175' title='bbox 1162 2303 1206 2342; x_wconf 91' lang='lat' dir='ltr'><strong>re-</strong></span> 
     </span>
     <span class='ocr_line' id='line_1_23' title="bbox 186 2370 1207 2449; baseline -0.003 -17"><span class='ocrx_word' id='word_1_176' title='bbox 186 2374 313 2449; x_wconf 83' lang='lat' dir='ltr'><strong>pentino</strong></span> <span class='ocrx_word' id='word_1_177' title='bbox 342 2390 413 2431; x_wconf 88' lang='lat' dir='ltr'><strong>casu</strong></span> <span class='ocrx_word' id='word_1_178' title='bbox 441 2391 592 2431; x_wconf 91' lang='lat' dir='ltr'><strong>armorum</strong></span> <span class='ocrx_word' id='word_1_179' title='bbox 615 2372 813 2430; x_wconf 86' lang='lat' dir='ltr'><strong>Troianorum</strong></span> <span class='ocrx_word' id='word_1_180' title='bbox 841 2370 1075 2430; x_wconf 85' lang='lat' dir='ltr'><strong>consideratione</strong></span> <span class='ocrx_word' id='word_1_181' title='bbox 1098 2373 1207 2431; x_wconf 87' lang='lat' dir='ltr'><strong>certior</strong></span> 
     </span>
     <span class='ocr_line' id='line_1_24' title="bbox 186 2461 1206 2535; baseline -0.001 -15"><span class='ocrx_word' id='word_1_182' title='bbox 186 2464 272 2521; x_wconf 85' lang='lat' dir='ltr'><strong>facta</strong></span> <span class='ocrx_word' id='word_1_183' title='bbox 294 2464 348 2535; x_wconf 88' lang='lat' dir='ltr'><strong>est,</strong></span> <span class='ocrx_word' id='word_1_184' title='bbox 370 2464 487 2535; x_wconf 74' lang='lat' dir='ltr'><strong>maccio</strong></span> <span class='ocrx_word' id='word_1_185' title='bbox 510 2464 646 2520; x_wconf 75' lang='lat' dir='ltr'><strong>exterrita</strong></span> <span class='ocrx_word' id='word_1_186' title='bbox 664 2463 802 2519; x_wconf 74' lang='lat' dir='ltr'><strong>monstris</strong></span> <span class='ocrx_word' id='word_1_187' title='bbox 821 2461 946 2533; x_wconf 74' lang='lat' dir='ltr'><strong>deripuit</strong></span> <span class='ocrx_word' id='word_1_188' title='bbox 963 2461 1030 2518; x_wconf 77' lang='lat' dir='ltr'><strong>oisc</strong></span> <span class='ocrx_word' id='word_1_189' title='bbox 1046 2462 1080 2518; x_wconf 85' lang='lat' dir='ltr'><strong>ia</strong></span> <span class='ocrx_word' id='word_1_190' title='bbox 1097 2461 1206 2519; x_wconf 81' lang='lat' dir='ltr'><strong>medio:</strong></span> 
     </span>
     <span class='ocr_line' id='line_1_25' title="bbox 186 2548 1205 2625; baseline -0.001 -15"><span class='ocrx_word' id='word_1_191' title='bbox 186 2571 293 2610; x_wconf 85' lang='lat' dir='ltr'><strong>revera</strong></span> <span class='ocrx_word' id='word_1_192' title='bbox 324 2553 491 2609; x_wconf 87' lang='lat' dir='ltr'><strong>monstrum</strong></span> <span class='ocrx_word' id='word_1_193' title='bbox 522 2552 581 2608; x_wconf 87' lang='lat' dir='ltr'><strong>fuit</strong></span> <span class='ocrx_word' id='word_1_194' title='bbox 612 2554 646 2608; x_wconf 87' lang='lat' dir='ltr'><strong>ut</strong></span> <span class='ocrx_word' id='word_1_195' title='bbox 679 2568 738 2625; x_wconf 91' lang='lat' dir='ltr'><strong>quo</strong></span> <span class='ocrx_word' id='word_1_196' title='bbox 770 2552 904 2624; x_wconf 90' lang='lat' dir='ltr'><strong>tempore</strong></span> <span class='ocrx_word' id='word_1_197' title='bbox 934 2548 1071 2608; x_wconf 85' lang='lat' dir='ltr'><strong>Hectoris</strong></span> <span class='ocrx_word' id='word_1_198' title='bbox 1103 2568 1205 2609; x_wconf 88' lang='lat' dir='ltr'><strong>manes</strong></span> 
     </span>
     <span class='ocr_line' id='line_1_26' title="bbox 141 2638 1206 2714; baseline -0.004 -13"><span class='ocrx_word' id='word_1_199' title='bbox 141 2639 377 2701; x_wconf 70' lang='lat' dir='ltr'><strong>revocabantur</strong></span> <span class='ocrx_word' id='word_1_200' title='bbox 408 2638 446 2697; x_wconf 88' lang='lat' dir='ltr'><strong>ad</strong></span> <span class='ocrx_word' id='word_1_201' title='bbox 477 2640 626 2698; x_wconf 88' lang='lat' dir='ltr'><strong>tumulum</strong></span> <span class='ocrx_word' id='word_1_202' title='bbox 658 2639 775 2698; x_wconf 85' lang='lat' dir='ltr'><strong>Aeneas</strong></span> <span class='ocrx_word' id='word_1_203' title='bbox 811 2641 980 2713; x_wconf 84' lang='lat' dir='ltr'><strong>insperatus</strong></span> <span class='ocrx_word' id='word_1_204' title='bbox 1017 2640 1206 2714; x_wconf 89' lang='lat' dir='ltr'><strong>apparuisset</strong></span> 
     </span>
     <span class='ocr_line' id='line_1_27' title="bbox 186 2726 1205 2813; baseline -0.002 -26"><span class='ocrx_word' id='word_1_205' title='bbox 186 2731 279 2806; x_wconf 90' lang='lat' dir='ltr'><strong>quasi</strong></span> <span class='ocrx_word' id='word_1_206' title='bbox 305 2732 336 2786; x_wconf 90' lang='lat' dir='ltr'><strong>et</strong></span> <span class='ocrx_word' id='word_1_207' title='bbox 362 2730 426 2803; x_wconf 90' lang='lat' dir='ltr'><strong>ipse</strong></span> <span class='ocrx_word' id='word_1_208' title='bbox 454 2728 620 2787; x_wconf 90' lang='lat' dir='ltr'><strong>defunctus.</strong></span> <span class='ocrx_word' id='word_1_209' title='bbox 667 2728 798 2805; x_wconf 82' lang='lat' dir='ltr'><strong>deriguit</strong></span> <span class='ocrx_word' id='word_1_210' title='bbox 825 2729 891 2786; x_wconf 87' lang='lat' dir='ltr'><strong>visu</strong></span> <span class='ocrx_word' id='word_1_211' title='bbox 918 2727 951 2785; x_wconf 89' lang='lat' dir='ltr'><strong>in</strong></span> <span class='ocrx_word' id='word_1_212' title='bbox 978 2726 1090 2813; x_wconf 80' lang='lat' dir='ltr'><strong>medio:</strong></span> <span class='ocrx_word' id='word_1_213' title='bbox 1123 2730 1205 2787; x_wconf 88' lang='lat' dir='ltr'><strong>ante·</strong></span> 
     </span>
     <span class='ocr_line' id='line_1_28' title="bbox 186 2816 1206 2896; baseline -0.001 -19"><span class='ocrx_word' id='word_1_214' title='bbox 186 2838 280 2896; x_wconf 86' lang='lat' dir='ltr'><strong>quam</strong></span> <span class='ocrx_word' id='word_1_215' title='bbox 311 2818 398 2893; x_wconf 89' lang='lat' dir='ltr'><strong>plene</strong></span> <span class='ocrx_word' id='word_1_216' title='bbox 429 2817 567 2892; x_wconf 84' lang='lat' dir='ltr'><strong>vidisset,</strong></span> <span class='ocrx_word' id='word_1_217' title='bbox 597 2817 741 2893; x_wconf 83' lang='lat' dir='ltr'><strong>deriguit:</strong></span> <span class='ocrx_word' id='word_1_218' title='bbox 779 2816 851 2893; x_wconf 90' lang='lat' dir='ltr'><strong>quid</strong></span> <span class='ocrx_word' id='word_1_219' title='bbox 878 2818 979 2875; x_wconf 90' lang='lat' dir='ltr'><strong>autern</strong></span> <span class='ocrx_word' id='word_1_220' title='bbox 1007 2816 1138 2893; x_wconf 84' lang='lat' dir='ltr'><strong>deriguit</strong></span> <span class='ocrx_word' id='word_1_221' title='bbox 1166 2820 1206 2877; x_wconf 86' lang='lat' dir='ltr'><strong>sit</strong></span> 
     </span>
     <span class='ocr_line' id='line_1_29' title="bbox 187 2906 1203 2983; baseline -0.002 -16"><span class='ocrx_word' id='word_1_222' title='bbox 187 2907 331 2983; x_wconf 85' lang='lat' dir='ltr'><strong>explanat</strong></span> <span class='ocrx_word' id='word_1_223' title='bbox 354 2906 544 2980; x_wconf 86' lang='lat' dir='ltr'><strong>sequentibus</strong></span> <span class='ocrx_word' id='word_1_224' title='bbox 569 2906 664 2965; x_wconf 89' lang='lat' dir='ltr'><strong>dictis.</strong></span> <span class='ocrx_word' id='word_1_225' title='bbox 698 2908 743 2963; x_wconf 87' lang='lat' dir='ltr'><strong>ait</strong></span> <span class='ocrx_word' id='word_1_226' title='bbox 766 2906 858 2964; x_wconf 89' lang='lat' dir='ltr'><strong>enim:</strong></span> <span class='ocrx_word' id='word_1_227' title='bbox 881 2906 961 2963; x_wconf 81' lang='lat' dir='ltr'><strong>ocior</strong></span> <span class='ocrx_word' id='word_1_228' title='bbox 983 2921 1050 2963; x_wconf 88' lang='lat' dir='ltr'><strong>ossa</strong></span> <span class='ocrx_word' id='word_1_229' title='bbox 1072 2906 1203 2978; x_wconf 57' lang='lat' dir='ltr'><strong>reliquit</strong></span> 
     </span>
     <span class='ocr_line' id='line_1_30' title="bbox 187 2994 1204 3073; baseline -0.002 -19"><span class='ocrx_word' id='word_1_230' title='bbox 187 2998 301 3073; x_wconf 90' lang='lat' dir='ltr'><strong>quippe</strong></span> <span class='ocrx_word' id='word_1_231' title='bbox 324 2995 446 3054; x_wconf 86' lang='lat' dir='ltr'><strong>turbata</strong></span> <span class='ocrx_word' id='word_1_232' title='bbox 468 2999 567 3054; x_wconf 90' lang='lat' dir='ltr'><strong>mente</strong></span> <span class='ocrx_word' id='word_1_233' title='bbox 590 2996 701 3054; x_wconf 88' lang='lat' dir='ltr'><strong>recedit</strong></span> <span class='ocrx_word' id='word_1_234' title='bbox 724 2995 813 3070; x_wconf 86' lang='lat' dir='ltr'><strong>calor,</strong></span> <span class='ocrx_word' id='word_1_235' title='bbox 833 2996 931 3054; x_wconf 86' lang='lat' dir='ltr'><strong>calore</strong></span> <span class='ocrx_word' id='word_1_236' title='bbox 953 2994 1107 3052; x_wconf 85' lang='lat' dir='ltr'><strong>recedente</strong></span> <span class='ocrx_word' id='word_1_237' title='bbox 1131 2995 1204 3070; x_wconf 92' lang='lat' dir='ltr'><strong>quid</strong></span> 
     </span>
    </p>
   </div>
   <div class='ocr_carea' id='block_1_3' title="bbox 180 3217 1218 3864">
    <p class='ocr_par' dir='ltr' id='par_1_3' title="bbox 262 3217 1166 3287">
     <span class='ocr_line' id='line_1_31' title="bbox 262 3217 1166 3287; baseline -0.002 -16"><span class='ocrx_word' id='word_1_238' title='bbox 262 3218 392 3273; x_wconf 81' lang='lat' dir='ltr'><strong>llocoR</strong></span> <span class='ocrx_word' id='word_1_239' title='bbox 410 3220 470 3273; x_wconf 82' lang='lat' dir='ltr'><strong>laco</strong></span> <span class='ocrx_word' id='word_1_240' title='bbox 488 3237 503 3271; x_wconf 94' lang='lat' dir='ltr'><strong>r</strong></span> <span class='ocrx_word' id='word_1_241' title='bbox 521 3221 560 3287; x_wconf 89' lang='lat' dir='ltr'><strong>(et</strong></span> <span class='ocrx_word' id='word_1_242' title='bbox 574 3218 666 3287; x_wconf 90' lang='lat' dir='ltr'><strong>infra).</strong></span> <span class='ocrx_word' id='word_1_243' title='bbox 723 3222 811 3285; x_wconf 74' lang='lat' dir='ltr'><strong>tqao</strong></span> <span class='ocrx_word' id='word_1_244' title='bbox 826 3217 877 3269; x_wconf 80' lang='lat' dir='ltr'><strong>La</strong></span> <span class='ocrx_word' id='word_1_245' title='bbox 891 3234 980 3271; x_wconf 82' lang='lat' dir='ltr'><strong>eamr</strong></span> <span class='ocrx_word' id='word_1_246' title='bbox 998 3217 1109 3285; x_wconf 76' lang='lat' dir='ltr'><strong>quoodo</strong></span> <span class='ocrx_word' id='word_1_247' title='bbox 1124 3218 1166 3270; x_wconf 90' lang='lat' dir='ltr'><strong>ed.</strong></span> 
     </span>
    </p>

    <p class='ocr_par' dir='ltr' id='par_1_4' title="bbox 180 3287 1218 3788">
     <span class='ocr_line' id='line_1_32' title="bbox 186 3287 1204 3345; baseline -0.002 0"><span class='ocrx_word' id='word_1_248' title='bbox 186 3292 274 3345; x_wconf 68' lang='lat' dir='ltr'><strong>daed</strong></span> <span class='ocrx_word' id='word_1_249' title='bbox 297 3307 352 3344; x_wconf 90' lang='lat' dir='ltr'><strong>om.</strong></span> <span class='ocrx_word' id='word_1_250' title='bbox 372 3290 415 3344; x_wconf 88' lang='lat' dir='ltr'><strong>ed.</strong></span> <span class='ocrx_word' id='word_1_251' title='bbox 507 3296 596 3343; x_wconf 63' lang='lat' dir='ltr'><strong>caat</strong></span> <span class='ocrx_word' id='word_1_252' title='bbox 614 3289 639 3341; x_wconf 83' lang='lat' dir='ltr'><strong>R</strong></span> <span class='ocrx_word' id='word_1_253' title='bbox 661 3289 738 3342; x_wconf 80' lang='lat' dir='ltr'><strong>head</strong></span> <span class='ocrx_word' id='word_1_254' title='bbox 761 3306 782 3340; x_wconf 92' lang='lat' dir='ltr'><strong>r.</strong></span> <span class='ocrx_word' id='word_1_255' title='bbox 875 3293 907 3341; x_wconf 77' lang='lat'><strong>12</strong></span> <span class='ocrx_word' id='word_1_256' title='bbox 931 3289 1073 3343; x_wconf 82' lang='lat' dir='ltr'><strong>adversam</strong></span> <span class='ocrx_word' id='word_1_257' title='bbox 1091 3287 1144 3340; x_wconf 84' lang='lat' dir='ltr'><strong>LR</strong></span> <span class='ocrx_word' id='word_1_258' title='bbox 1166 3289 1204 3343; x_wconf 90' lang='lat' dir='ltr'><strong>ad</strong></span> 
     </span>
     <span class='ocr_line' id='line_1_33' title="bbox 184 3358 1203 3430; baseline -0.002 -13"><span class='ocrx_word' id='word_1_259' title='bbox 184 3379 279 3417; x_wconf 84' lang='lat' dir='ltr'><strong>acram</strong></span> <span class='ocrx_word' id='word_1_260' title='bbox 297 3379 318 3415; x_wconf 93' lang='lat' dir='ltr'><strong>r.</strong></span> <span class='ocrx_word' id='word_1_261' title='bbox 403 3366 435 3414; x_wconf 80' lang='lat'><strong>13</strong></span> <span class='ocrx_word' id='word_1_262' title='bbox 451 3378 567 3430; x_wconf 75' lang='lat' dir='ltr'><strong>perperis</strong></span> <span class='ocrx_word' id='word_1_263' title='bbox 584 3360 636 3413; x_wconf 78' lang='lat' dir='ltr'><strong>La</strong></span> <span class='ocrx_word' id='word_1_264' title='bbox 651 3376 786 3429; x_wconf 81' lang='lat' dir='ltr'><strong>perapeas</strong></span> <span class='ocrx_word' id='word_1_265' title='bbox 804 3358 847 3413; x_wconf 89' lang='lat' dir='ltr'><strong>ed.</strong></span> <span class='ocrx_word' id='word_1_266' title='bbox 931 3364 1035 3413; x_wconf 80' lang='lat'>17-18</span> <span class='ocrx_word' id='word_1_267' title='bbox 1053 3360 1203 3415; x_wconf 82' lang='lat' dir='ltr'><strong>oolaatato&#39;s</strong></span> 
     </span>
     <span class='ocr_line' id='line_1_34' title="bbox 182 3430 1203 3503; baseline -0.004 -16"><span class='ocrx_word' id='word_1_268' title='bbox 182 3435 317 3503; x_wconf 80' lang='lat' dir='ltr'><strong>propriae</strong></span> <span class='ocrx_word' id='word_1_269' title='bbox 335 3433 367 3486; x_wconf 89' lang='lat' dir='ltr'><strong>R.</strong></span> <span class='ocrx_word' id='word_1_270' title='bbox 442 3438 474 3485; x_wconf 84' lang='lat'><strong>19</strong></span> <span class='ocrx_word' id='word_1_271' title='bbox 493 3434 571 3486; x_wconf 77' lang='lat' dir='ltr'><strong>illias</strong></span> <span class='ocrx_word' id='word_1_272' title='bbox 589 3431 610 3483; x_wconf 90' lang='lat' dir='ltr'>L</span> <span class='ocrx_word' id='word_1_273' title='bbox 629 3432 718 3499; x_wconf 83' lang='lat' dir='ltr'><strong>ipsias</strong></span> <span class='ocrx_word' id='word_1_274' title='bbox 737 3430 762 3482; x_wconf 84' lang='lat' dir='ltr'>R</span> <span class='ocrx_word' id='word_1_275' title='bbox 781 3447 848 3483; x_wconf 90' lang='lat' dir='ltr'><strong>corr.</strong></span> <span class='ocrx_word' id='word_1_276' title='bbox 868 3448 930 3483; x_wconf 92' lang='lat' dir='ltr'><strong>r=</strong></span> <span class='ocrx_word' id='word_1_277' title='bbox 945 3430 974 3484; x_wconf 88' lang='lat' dir='ltr'><strong>L.</strong></span> <span class='ocrx_word' id='word_1_278' title='bbox 999 3432 1002 3498; x_wconf 92' lang='grc' dir='ltr'>Ι</span> <span class='ocrx_word' id='word_1_279' title='bbox 1023 3432 1133 3499; x_wconf 78' lang='lat' dir='ltr'><strong>primae</strong></span> <span class='ocrx_word' id='word_1_280' title='bbox 1151 3431 1203 3484; x_wconf 80' lang='lat' dir='ltr'><strong>La</strong></span> 
     </span>
     <span class='ocr_line' id='line_1_35' title="bbox 180 3501 1203 3575; baseline -0.002 -16"><span class='ocrx_word' id='word_1_281' title='bbox 180 3508 274 3575; x_wconf 82' lang='lat' dir='ltr'><strong>prime</strong></span> <span class='ocrx_word' id='word_1_282' title='bbox 291 3522 306 3556; x_wconf 93' lang='lat' dir='ltr'><strong>r</strong></span> <span class='ocrx_word' id='word_1_283' title='bbox 321 3506 415 3573; x_wconf 82' lang='lat' dir='ltr'><strong>prima</strong></span> <span class='ocrx_word' id='word_1_284' title='bbox 434 3504 476 3556; x_wconf 89' lang='lat' dir='ltr'><strong>ed.</strong></span> <span class='ocrx_word' id='word_1_285' title='bbox 537 3507 569 3556; x_wconf 79' lang='lat'><strong>21</strong></span> <span class='ocrx_word' id='word_1_286' title='bbox 590 3509 615 3556; x_wconf 84' lang='lat' dir='ltr'><strong>ct</strong></span> <span class='ocrx_word' id='word_1_287' title='bbox 632 3503 795 3569; x_wconf 75' lang='lat' dir='ltr'><strong>confirmata</strong></span> <span class='ocrx_word' id='word_1_288' title='bbox 814 3502 866 3554; x_wconf 84' lang='lat' dir='ltr'><strong>LR</strong></span> <span class='ocrx_word' id='word_1_289' title='bbox 885 3501 927 3554; x_wconf 87' lang='lat' dir='ltr'><strong>ed.</strong></span> <span class='ocrx_word' id='word_1_290' title='bbox 942 3508 974 3555; x_wconf 86' lang='lat' dir='ltr'><strong>at</strong></span> <span class='ocrx_word' id='word_1_291' title='bbox 992 3502 1062 3568; x_wconf 79' lang='lat' dir='ltr'><strong>conf.</strong></span> <span class='ocrx_word' id='word_1_292' title='bbox 1078 3520 1092 3554; x_wconf 94' lang='lat' dir='ltr'><strong>r</strong></span> <span class='ocrx_word' id='word_1_293' title='bbox 1110 3519 1203 3557; x_wconf 74' lang='lat' dir='ltr'><strong>aeneas</strong></span> 
     </span>
     <span class='ocr_line' id='line_1_36' title="bbox 185 3572 1203 3644; baseline -0.002 -15"><span class='ocrx_word' id='word_1_294' title='bbox 185 3575 324 3644; x_wconf 85' lang='lat' dir='ltr'><strong>explicari</strong></span> <span class='ocrx_word' id='word_1_295' title='bbox 346 3576 424 3628; x_wconf 88' lang='lat' dir='ltr'><strong>ratus</strong></span> <span class='ocrx_word' id='word_1_296' title='bbox 448 3582 479 3628; x_wconf 81' lang='lat' dir='ltr'><strong>at</strong></span> <span class='ocrx_word' id='word_1_297' title='bbox 501 3581 673 3629; x_wconf 78' lang='lat' dir='ltr'><strong>consternata</strong></span> <span class='ocrx_word' id='word_1_298' title='bbox 698 3572 805 3643; x_wconf 86' lang='lat' dir='ltr'><strong>scripsi.</strong></span> <span class='ocrx_word' id='word_1_299' title='bbox 897 3578 930 3626; x_wconf 76' lang='lat'><strong>23</strong></span> <span class='ocrx_word' id='word_1_300' title='bbox 955 3573 1012 3627; x_wconf 81' lang='lat' dir='ltr'><strong>diri</strong></span> <span class='ocrx_word' id='word_1_301' title='bbox 1029 3574 1072 3626; x_wconf 80' lang='lat' dir='ltr'><strong>ait</strong></span> <span class='ocrx_word' id='word_1_302' title='bbox 1095 3573 1138 3626; x_wconf 90' lang='lat' dir='ltr'><strong>ed.</strong></span> <span class='ocrx_word' id='word_1_303' title='bbox 1163 3576 1203 3643; x_wconf 89' lang='lat' dir='ltr'><strong>(et</strong></span> 
     </span>
     <span class='ocr_line' id='line_1_37' title="bbox 185 3644 1218 3717; baseline -0.003 -17"><span class='ocrx_word' id='word_1_304' title='bbox 185 3647 280 3715; x_wconf 88' lang='lat' dir='ltr'><strong>infra).</strong></span> <span class='ocrx_word' id='word_1_305' title='bbox 364 3651 398 3698; x_wconf 76' lang='lat'><strong>27</strong></span> <span class='ocrx_word' id='word_1_306' title='bbox 417 3646 485 3713; x_wconf 79' lang='lat' dir='ltr'><strong>qaid</strong></span> <span class='ocrx_word' id='word_1_307' title='bbox 503 3646 556 3699; x_wconf 76' lang='lat' dir='ltr'><strong>La</strong></span> <span class='ocrx_word' id='word_1_308' title='bbox 574 3647 646 3715; x_wconf 80' lang='lat' dir='ltr'><strong>qaod</strong></span> <span class='ocrx_word' id='word_1_309' title='bbox 665 3646 708 3699; x_wconf 91' lang='lat' dir='ltr'><strong>ed.</strong></span> <span class='ocrx_word' id='word_1_310' title='bbox 734 3649 738 3713; x_wconf 71' lang='lat' dir='ltr'><strong>t</strong></span> <span class='ocrx_word' id='word_1_311' title='bbox 768 3652 858 3702; x_wconf 67' lang='lat' dir='ltr'><strong>aedera</strong></span> <span class='ocrx_word' id='word_1_312' title='bbox 877 3645 999 3717; x_wconf 76' lang='lat' dir='ltr'><strong>deripuit</strong></span> <span class='ocrx_word' id='word_1_313' title='bbox 1043 3644 1072 3696; x_wconf 74' lang='lat' dir='ltr'><strong>a</strong></span> <span class='ocrx_word' id='word_1_314' title='bbox 1089 3661 1149 3697; x_wconf 72' lang='lat' dir='ltr'><strong>eru.</strong></span> <span class='ocrx_word' id='word_1_315' title='bbox 1165 3646 1218 3697; x_wconf 63' lang='lat' dir='ltr'><strong>eu.</strong></span> 
     </span>
     <span class='ocr_line' id='line_1_38' title="bbox 184 3716 783 3788; baseline 0.007 -15"><span class='ocrx_word' id='word_1_316' title='bbox 184 3721 222 3773; x_wconf 82' lang='lat' dir='ltr'><strong>sit</strong></span> <span class='ocrx_word' id='word_1_317' title='bbox 241 3716 344 3770; x_wconf 85' lang='lat' dir='ltr'><strong>addidi.</strong></span> <span class='ocrx_word' id='word_1_318' title='bbox 419 3722 454 3768; x_wconf 76' lang='lat'><strong>28</strong></span> <span class='ocrx_word' id='word_1_319' title='bbox 471 3718 605 3788; x_wconf 74' lang='lat' dir='ltr'><strong>relcaqac&#39;t</strong></span> <span class='ocrx_word' id='word_1_320' title='bbox 622 3718 649 3775; x_wconf 84' lang='lat' dir='ltr'><strong>R</strong></span> <span class='ocrx_word' id='word_1_321' title='bbox 669 3737 740 3776; x_wconf 87' lang='lat' dir='ltr'><strong>corr.</strong></span> <span class='ocrx_word' id='word_1_322' title='bbox 758 3738 783 3779; x_wconf 82' lang='lat' dir='ltr'><strong>r.</strong></span> 
     </span>
    </p>

    <p class='ocr_par' dir='ltr' id='par_1_5' title="bbox 371 3810 1021 3864">
     <span class='ocr_line' id='line_1_39' title="bbox 371 3810 1021 3864; baseline -0.003 2"><span class='ocrx_word' id='word_1_323' title='bbox 371 3834 374 3839; x_wconf 65' lang='grc'><strong>’</strong></span> <span class='ocrx_word' id='word_1_324' title='bbox 433 3814 436 3824; x_wconf 75' lang='grc'><em>’</em></span> <span class='ocrx_word' id='word_1_325' title='bbox 961 3810 1021 3864; x_wconf 64' lang='lat' dir='ltr'><strong>tt*</strong></span> 
     </span>
    </p>
   </div>
   <div class='ocr_carea' id='block_1_4' title="bbox 0 0 1372 4159">
    <p class='ocr_par' dir='ltr' id='par_1_6' title="bbox 0 0 1372 4159">
     <span class='ocr_line' id='line_1_40' title="bbox 0 0 1372 4159; baseline 0 4"><span class='ocrx_word' id='word_1_326' title='bbox 0 0 1372 4159; x_wconf 95' lang='lat' dir='ltr'><strong> </strong></span> 
     </span>
    </p>
   </div>
  </div>
 </body>
</html>
