2734 4159
202 327 283 417 368·
482 324 622 380 nonin
639 323 809 379 nissen
828 283 937 381 unae.
965 307 968 322 '
1085 355 1088 360 -

200 496 288 553 tuisti
314 513 351 554 ne
380 492 495 571 aliquid
524 493 598 553 mali
619 493 682 553 filio
706 496 758 553 tuo
782 494 863 569 apud
887 494 1101 574 Carthaginem
1124 514 1221 572 meam

202 584 397 662 contingeret.
441 583 493 642 sed
515 584 581 656 quis
604 584 659 642 erit
678 582 785 642 medere
806 588 860 643 oct
880 600 937 659 quo
959 601 1039 643 odere
1062 587 1221 645 emm

201 674 302 731 tento?
328 670 418 747 [quie
440 674 542 745 potius
563 688 669 745 pacem
696 676 845 732 ostenden
866 677 1026 748 pactosque
1047 674 1220 749 hymmoeos

150 760 414 836 100ecereemus?]
459 760 532 836 quid
558 779 677 821 necesse
705 764 764 835 est,
786 761 844 837 ait,
866 761 1070 822 inmoderatos
1092 763 1221 822 inimici·

199 852 259 909 tias
278 852 405 910 ulterius
424 847 574 909 retinere?
592 849 647 909 fiat
665 849 884 909 dissensionum
898 853 1032 911 omnium
1045 850 1115 911 finis
1131 854 1219 929 atquo
1243 871 1254 912 s

200 941 255 1014 its,
269 943 304 998 ut
316 940 347 997 in
363 944 517 1000 aeternum
528 939 690 998 'concordia
704 943 872 1015 perseveret
885 942 984 1016 sitque
1002 941 1083 999 inter
1096 940 1220 1001 Aenean

202 1032 231 1088 et
254 1029 402 1088 Didonem
424 1028 610 1087 matrim0nii
631 1029 722 1103 plena
745 1032 776 1087 et
797 1028 885 1092 firma
907 1030 1087 1090 coniunctio.
1133 1031 1220 1090 dobes

202 1122 260 1177 toto
286 1120 364 1190 qood
390 1122 484 1177 mente
506 1118 620 1190 petisti,
647 1118 732 1177 ardet
758 1136 865 1177 amoos
886 1118 967 1177 Dido
995 1120 1143 1194 traditque
1164 1137 1221 1193 per

201 1224 269 1267 osso
295 1209 441 1281 furores:
476 1213 555 1279 ecce,v
584 1208 641 1280 ait,
672 1205 752 1282 quod
784 1206 973 1267 desiderabas
1005 1207 1113 1282 habes,
1141 1207 1220 1268 Dido

202 1299 292 1370 amat,
316 1297 390 1353 Iuno
415 1298 571 1355 consentit.
614 1312 793 1354 commodem
814 1297 892 1356 hone
915 1314 981 1372 erqo
999 1298 1147 1370 popolom
1164 1315 1255 1371 pes-rr

201 1386 339 1458 sibosque
356 1402 493 1459 recomus
511 1385 666 1457 occidis:
689 1386 760 1460 quia
783 1384 863 1461 quod
883 1386 1013 1461 speciale
1031 1386 1219 1464 singularum

202 1474 261 1532 fuit
283 1474 396 1532 factum
419 1477 465 1533 est
487 1493 534 1531 me
557 1474 675 1534 volente
699 1493 868 1548 commune,
891 1477 1051 1551 utrumque
1075 1475 1220 1551 populum

202 1581 340 1640 regamus
368 1581 469 1639 parce,
496 1565 623 1637 utraque
651 1581 809 1623 servemus.
856 1565 940 1623 liceat
961 1564 1089 1638 Ptryqio
1110 1567 1221 1625 servire

201 1654 324 1711 marito:
355 1654 442 1727 qussi
464 1653 491 1710 si
514 1650 625 1711 diceret
648 1651 766 1727 quando
791 1651 908 1712 adhoc
931 1655 1054 1713 ventum
1083 1655 1145 1728 ost,
1167 1651 1222 1713 fist

203 1740 283 1816 quod
305 1758 365 1798 non
388 1740 503 1814 debuit,
526 1743 561 1799 ut
582 1740 630 1799 ilii
653 1759 727 1815 quos
751 1759 818 1800 amo
842 1743 975 1801 serviant
996 1740 1120 1801 inimico
1144 1761 1218 1802 meo.
1234 1760 1255 1802 rt

203 1828 283 1905 quod
305 1831 385 1888 enim
408 1829 483 1888 dixit
501 1828 643 1908 Phrygio,
665 1830 709 1888 ibi
732 1832 778 1889 est
800 1830 911 1890 subtile
934 1832 1111 1907 convicium,
1132 1830 1220 1907 qnasi

203 1917 318 1977 abiecto
346 1921 377 1976 et
403 1918 523 1977 infimae
546 1918 644 1996 gentis
667 1918 791 1978 homini.
836 1921 999 1992 dotalesque
1021 1923 1089 1979 tuoe
1114 1920 1221 1996 Tyrios

197 2010 364 2081 permittere
386 2009 519 2067 destrae:
545 2010 575 2067 et
598 2008 647 2066 hic
670 2007 751 2083 quod
773 2006 849 2067 dixit
871 2012 942 2068 tuae
961 2010 1049 2087 quasi
1065 2008 1219 2087 indignae.

203 2097 301 2172 Tyrii,
328 2116 383 2173 pro
412 2100 511 2156 animo
539 2097 665 2156 dicentis
693 2100 830 2171 potentes
858 2100 888 2157 et
915 2098 1031 2175 magni,
1059 2098 1221 2158 nodantur

202 2187 235 2245 in
266 2187 378 2260 dotem,
411 2187 523 2246 addicti
553 2189 660 2261 utique
693 2188 723 2243 et
755 2188 842 2261 quasi
874 2186 1040 2261 potioribus
1068 2189 1218 2247 servituri.
1232 2205 1255 2247 ro

203 2275 325 2351 obliqua
352 2276 425 2335 haec
448 2276 539 2335 dictio
563 2277 634 2350 fuit3
666 2274 785 2333 dicebat
807 2277 887 2334 enim
909 2276 993 2335 velut
1014 2277 1081 2335 tota
1103 2276 1220 2353 simpli·

203 2366 294 2423 citete
321 2364 479 2424 verborum
505 2369 609 2424 tenens
640 2369 743 2423 tamen
774 2364 899 2424 interius
931 2364 1010 2440 quod
1042 2364 1220 2425 inimicitias

203 2452 325 2514 Iunonis
348 2455 481 2532 integras
504 2454 730 2514 demonstraret.
765 2472 831 2512 ecoe
845 2454 997 2531 Vergilius
1021 2454 1107 2514 docet
1130 2456 1220 2515 facile

203 2542 393 2602 inimicorum
415 2562 501 2619 posse
525 2562 643 2603 noscere
668 2542 801 2616 consilis,
825 2561 893 2608 cum
914 2542 970 2602 sub
993 2544 1126 2620 imagine
1151 2563 1218 2603 con·

205 2631 323 2690 cordiae
346 2633 451 2691 latent.
1236 2649 1259 2692 ss

152 2725 203 2775 105
273 2719 331 2778 ord·
354 2720 457 2793 (sensit
479 2723 557 2779 edim
578 2721 719 2779 denotato
742 2726 834 2780 meets
858 2722 996 2789 locutam,
1020 2737 1075 2793 quo
1098 2740 1222 2796 requam

204 2808 313 2866 Italiae
331 2809 460 2883 Libycos
482 2810 643 2868 adverteret
664 2808 762 2883 oros):
785 2811 932 2869 tractatus
951 2809 1076 2869 Veneris
1095 2827 1222 2889 magnus

206 2898 296 2970 atque
324 2902 440 2956 astutus
468 2898 648 2972 ostenditur3
681 2900 774 2959 sensit
801 2899 880 2958 enim
906 2899 971 2958 fieri
999 2917 1059 2957 non
1089 2902 1224 2976 potuisse

206 2991 240 3044 ut
272 2989 357 3044 atrox
389 2988 420 3045 et
451 2989 536 3045 vetus
568 2988 690 3045 inimica
721 2992 842 3064 repente
880 2988 1021 3048 benivola
1050 2988 1224 3049 redderetur

205 3078 386 3150 poneretque
410 3076 501 3134 semel
523 3075 697 3135 inimicitias
719 3094 793 3151 ques
811 3077 903 3156 longa
921 3079 1020 3137 aetate
1040 3085 1223 3138 servaverat.
1237 3097 1261 3138 so

278 3284 294 3331 3
318 3280 386 3348 quio
400 3284 465 3332 -4
483 3296 635 3335 edocemus
658 3280 738 3335 deest
760 3281 790 3335 in
814 3282 879 3348 LR,
908 3282 957 3336 sed
984 3281 1151 3351 explicatur.

208 3358 240 3407 11
259 3351 434 3420 simularem
452 3351 504 3403 LR
527 3367 616 3406 -orum
639 3352 682 3404 ed.
788 3359 821 3407 13
844 3361 960 3423 atroque
979 3354 1032 3407 LR
1057 3359 1189 3423 atraeque
1212 3374 1227 3408 r

207 3430 351 3491 utrumque
369 3421 413 3476 ed.
518 3426 552 3475 14
569 3423 595 3475 sd
613 3438 666 3475 om.
681 3423 725 3477 ed.
756 3425 760 3493 Ι
793 3425 899 3480 doceret
916 3425 969 3478 LR
987 3441 1056 3479 corr.
1076 3442 1091 3477 r
1107 3426 1152 3479 cd.

209 3500 241 3548 18
260 3494 342 3562 qdod
359 3510 412 3547 om.
428 3492 453 3545 R
472 3493 536 3547 add.
551 3510 573 3546 r.
590 3494 594 3561 Ι
614 3494 728 3563 indicos
747 3493 779 3548 R.
842 3502 876 3550 23
895 3497 965 3551 dicet
983 3496 1035 3549 Lu
1054 3497 1130 3552 docet
1147 3516 1162 3551 r
1180 3497 1225 3551 ed.

127 3563 129 3568 '
261 3571 416 3620 senescere
430 3564 571 3619 LRnosci
585 3563 794 3632 ed.‚scdfocile
809 3567 980 3621 adiectivum
994 3569 1045 3621 est,
1099 3573 1133 3620 27
1149 3585 1225 3624 coer-

206 3644 273 3693 teret
290 3636 351 3705 tlt,
370 3638 419 3691 sed
439 3636 476 3689 ad
496 3641 546 3690 127
566 3634 635 3688 Don.
655 3637 804 3692 odoertmt
822 3640 851 3692 et
873 3638 988 3708 scripsit
1010 3640 1040 3692 et
1063 3639 1226 3708 explicavit,

195 3726 286 3781 quare
307 3710 417 3768 correxi
436 3727 502 3767 eum
520 3705 551 3765 r'.
612 3711 646 3762 ‘tt
665 3706 828 3763 redditast
844 3711 971 3763 redderer
985 3708 1012 3760 R
1028 3716 1131 3765 cretur
1147 3728 1163 3765 r
1180 3712 1225 3766 ed
