2734 4159
565 285 792 361 psoonmuu
1172 288 1194 354 3

175 477 235 517 non
257 459 371 534 potuit,
397 456 584 534 perditisque
606 457 713 533 opibus
736 456 834 536 regni,
862 458 950 519 tenta
972 460 1003 517 et
1024 458 1089 517 illic
1112 458 1194 535 apud

175 546 266 606 llium
288 550 320 606 et
342 565 411 606 cum
433 546 560 624 genitali
582 546 646 606 solo
668 545 841 606 truderetm
863 564 927 607 esse
949 566 1131 624 perpessum,
1154 550 1192 607 ut

174 636 268 696 cuivis
295 634 436 695 credibile
462 654 527 695 esse
553 637 650 712 possit
680 636 758 695 talia
780 635 868 695 illum
890 655 951 696 non
973 636 1065 696 tunae
1088 655 1191 713 pessu-

173 745 254 799 mm,
286 725 346 785 nisi
375 727 441 784 iure
468 724 539 784 deos
567 726 663 784 omnis
690 723 844 783 habuisset
871 726 1009 800 infestos,
1037 726 1118 802 quod
1147 730 1193 785 est

146 814 281 891 eprocnl
299 813 391 873 dubio
414 815 616 888 criminosum,
639 817 670 873 et
693 815 746 890 qui
768 813 811 872 sic
833 814 929 872 vitam
952 833 1039 874 suam
1062 815 1193 890 durent,

172 908 210 962 nt
235 903 408 980 displiceret
435 901 572 962 omnibus
599 904 729 979 superis,
756 902 935 978 nullumque
962 904 1123 981 fautorem,
1153 924 1192 963 ne

173 995 272 1068 ipsam
298 992 420 1070 quidem
447 1010 537 1051 avum
565 1010 652 1052 snum
675 991 777 1051 Iovem
802 990 912 1051 habere
935 992 1066 1053 valuerit
1075 1037 1192 1053 .......

173 1085 285 1160 purgat
307 1098 378 1160 ergo
400 1081 474 1140 haec
496 1083 573 1140 mira
591 1084 656 1140 arte
673 1080 836 1158 Vergilius,
855 1083 886 1139 et
907 1099 966 1141 non
990 1084 1109 1141 tantum
1132 1083 1191 1143 col·

172 1170 252 1231 lecta
273 1171 434 1247 inprimis
457 1169 606 1244 versibus,
633 1173 668 1229 nt
690 1189 758 1229 mox
781 1169 950 1246 apparebit,
972 1188 1073 1230 verum
1099 1174 1192 1231 etiam

133 1281 160 1322 ro
174 1277 279 1336 sparse
301 1279 355 1336 per
378 1260 473 1318 omnis
496 1258 588 1319 libros
610 1258 774 1318 excusabili
792 1258 970 1333 adsertione,
989 1263 1028 1335 et,
1048 1261 1128 1336 quod
1145 1264 1192 1321 est

173 1348 282 1409 summi
304 1350 446 1421 oratoris,
469 1347 627 1407 confitetur
648 1349 709 1408 ieta
731 1367 807 1424 quae
836 1350 941 1426 negari
967 1368 1028 1408 non
1050 1352 1192 1425 poterant

172 1441 204 1497 et
226 1441 405 1498 summotam
428 1437 668 1497 criminationem
690 1438 839 1497 convertit
861 1440 894 1497 in
917 1438 1046 1514 landem,
1064 1442 1099 1498 ut
1120 1438 1190 1503 inde

171 1527 295 1585 Aenean
322 1526 486 1603 multiplici
512 1528 630 1586 ratione
657 1528 853 1603 praecipuum
885 1526 1023 1586 redderet
1051 1528 1129 1587 unde
1157 1529 1191 1587 in

171 1618 272 1691 ipsum
294 1619 395 1692 posset
418 1614 597 1676 obtrectatio
620 1616 787 1675 convenire.
828 1617 932 1692 itaque
952 1620 1102 1693 conponit,
1121 1635 1190 1691 non,

131 1725 158 1767 rs
171 1707 206 1764 ut
237 1705 293 1763 alii
323 1707 447 1781 putant,
474 1706 614 1765 carminis
644 1706 749 1781 caput,
777 1704 843 1779 sed,
870 1709 905 1764 ut
933 1725 986 1765 nos
1014 1706 1189 1779 adserimus,

171 1796 313 1853 carminis
339 1794 441 1854 thema
468 1797 555 1853 tanta
577 1793 747 1855 subtilitate
771 1795 859 1867 artis,
881 1797 971 1854 utin
994 1796 1110 1871 eodem,
1132 1795 1190 1855 hcc

171 1886 218 1943 est
243 1885 277 1942 in
304 1884 368 1943 eius
394 1882 556 1958 brevitate,
583 1883 776 1942 latitudinem
803 1901 946 1961 magnam
973 1884 1068 1943 futuri
1091 1887 1188 1961 operis

171 1972 396 2032 demonstraret
442 1971 630 2033 commendat
656 1972 689 2030 in
716 1972 814 2047 prima
837 1973 1042 2051 propositione
1069 1992 1190 2034 carmen

172 2080 260 2121 suum
286 2080 503 2138 personamque
531 2064 596 2121 eius
624 2064 655 2121 et
681 2064 767 2139 gesta
795 2080 885 2138 quem
911 2062 1100 2140 purgandum
1123 2063 1187 2122 lau-

127 2172 156 2212 ro
170 2149 360 2226 dandumque
387 2154 559 2227 susceperat
581 2151 730 2227 simulque
753 2153 886 2228 partitur
908 2151 983 2228 quid
1008 2152 1087 2225 fato,
1115 2151 1188 2227 quid

169 2242 254 2299 extra
276 2240 374 2298 fatum
395 2257 553 2317 perpessus
576 2242 625 2315 sit,
644 2240 798 2300 subtiliter
820 2242 990 2301 monstrans
1014 2258 1090 2316 quae
1109 2240 1186 2300 acci·

169 2328 247 2387 dunt
267 2329 333 2388 fato
355 2328 467 2389 nullius
489 2348 577 2406 posse
599 2329 714 2389 viribus
742 2331 892 2409 superari,
919 2327 1102 2407 perindeque
1127 2349 1188 2390 non

168 2435 232 2477 esse
254 2417 338 2477 illius
361 2418 481 2493 crimen,
500 2418 525 2478 si
548 2436 718 2497 expugnare
740 2419 807 2477 fata
829 2437 890 2479 non
912 2418 1019 2494 valuit,
1037 2419 1093 2479 illa
1114 2438 1186 2479 vero

169 2525 247 2583 quae
275 2510 359 2566 extra
385 2508 482 2566 iatum
509 2506 730 2583 inponebantur
756 2507 984 2568 adversantibus
1011 2509 1129 2587 superis
1157 2513 1188 2568 et

125 2616 154 2659 re
169 2594 284 2656 Iunone
312 2596 461 2673 patientia
488 2598 519 2655 et
545 2598 659 2656 virtute
687 2596 779 2655 animi
808 2597 1015 2658 transmisisse.
1069 2597 1187 2660 nullum

167 2686 285 2745 interea
306 2686 426 2745 Aeneae
449 2685 578 2761 speciale
600 2686 742 2744 meritum
763 2685 855 2746 fuisse
878 2686 1017 2760 ostendit,
1040 2690 1076 2747 ut
1098 2686 1187 2747 Iuno-

167 2793 237 2834 nem
259 2773 408 2850 primitus,
430 2774 537 2834 dehinc
559 2776 656 2836 omnis
678 2774 749 2835 deos
772 2775 897 2835 sentiret
919 2776 1064 2837 inimicos.
1114 2796 1186 2835 nem

168 2867 199 2923 et
216 2863 362 2923 Iunonem
384 2863 513 2939 strictim
534 2864 566 2922 in
589 2864 722 2923 nemaeo
743 2866 819 2940 ipso,
838 2864 930 2924 latius
954 2868 1054 2925 autem
1071 2865 1103 2923 in
1122 2884 1185 2925 car·

166 2954 248 3011 mine
265 2952 378 3013 frastra
396 2952 538 3013 adversus
552 2953 675 3012 Aenean
693 2952 868 3014 inimicitias
887 2956 1050 3031 suscepisse
1068 2960 1098 3013 et
1115 2953 1185 3013 deos

244 3180 257 3227 1
276 3176 444 3246 perditisque
461 3176 515 3229 LR
533 3194 584 3244 que
602 3176 719 3231 om.‘ed.
775 3182 791 3229 3
811 3178 890 3230 illuct
908 3176 960 3231 th
979 3178 1068 3231 Iliam
1087 3177 1129 3230 ed.

170 3253 184 3299 7
209 3251 276 3316 post
296 3248 416 3302 eoluen't
436 3247 556 3301 lacunae
579 3248 662 3317 signa
682 3247 779 3317 posui,
806 3246 875 3317 quia
898 3253 924 3302 et
946 3250 995 3318 qai
1018 3266 1081 3302 cum
1105 3253 1185 3303 ante-

166 3317 333 3372 cedentibus
351 3318 486 3388 coniungi
504 3335 560 3373 non
577 3322 680 3387 potest,
700 3318 750 3373 sed
769 3319 807 3372 ad
826 3334 843 3372 a
864 3319 963 3374 odosin
982 3322 1094 3402 spectat
1110 3320 1185 3374 hano

166 3389 237 3443 sere:
272 3406 336 3443 enm
363 3406 419 3445 non
447 3390 564 3461 dignum
592 3393 736 3444 auctorem
762 3406 820 3459 pop
855 3390 861 3402 ‘
886 3390 1007 3445 Romam
1031 3390 1129 3445 videri.

168 3465 201 3513 12
221 3462 386 3533 summotas]
401 3462 623 3532 criminationell
637 3461 663 3514 R
681 3478 746 3515 cum
764 3477 819 3515 ras.
877 3466 990 3515 16-17
1008 3462 1058 3518 boc
1075 3469 1114 3518 est
1131 3462 1185 3515 th

167 3538 205 3586 est
224 3548 278 3586 om.
298 3532 341 3586 ed.
421 3537 454 3587 19
473 3534 532 3587 eice
549 3530 603 3586 LR
619 3549 700 3588 suom
718 3533 761 3589 ed.
778 3535 879 3602 lquere
896 3532 949 3587 ΒΗ
967 3534 1026 3588 cias
1042 3550 1122 3602 qoem
1139 3533 1181 3587 ed.

167 3608 255 3727 ηπ
273 3604 421 3728 υὲηατέὸιω
439 3603 481 3657 ed.
500 3608 504 3673 Ι
519 3603 633 3673 perinde
651 3604 724 3673 quod
742 3619 800 3659 coa
818 3610 884 3659 esset
902 3602 946 3659 ed.
1001 3609 1035 3658 a?
1055 3605 1190 3673 primitus

235 3690 379 3743 preme.

959 3766 998 3823 ν
