<?xml version="1.0" encoding="UTF-8"?>
<!DOCTYPE html PUBLIC "-//W3C//DTD XHTML 1.0 Transitional//EN"
    "http://www.w3.org/TR/xhtml1/DTD/xhtml1-transitional.dtd">
<html xmlns="http://www.w3.org/1999/xhtml" xml:lang="en" lang="en">
 <head>
  <title>
</title>
<meta http-equiv="Content-Type" content="text/html;charset=utf-8" />
  <meta name='ocr-system' content='tesseract 3.04.00' />
  <meta name='ocr-capabilities' content='ocr_page ocr_carea ocr_par ocr_line ocrx_word'/>
</head>
<body>
  <div class='ocr_page' id='page_1' title='image "./tibericlaudidon02georgoog_0448.png"; bbox 0 0 2734 4159; ppageno 0'>
   <div class='ocr_carea' id='block_1_1' title="bbox 576 318 1208 387">
    <p class='ocr_par' dir='ltr' id='par_1_1' title="bbox 576 318 1208 387">
     <span class='ocr_line' id='line_1_1' title="bbox 576 318 1208 387; baseline 0.002 -13"><span class='ocrx_word' id='word_1_1' title='bbox 576 318 760 376; x_wconf 79' lang='lat' dir='ltr'>AENEIDOS</span> <span class='ocrx_word' id='word_1_2' title='bbox 777 319 816 376; x_wconf 83' lang='lat' dir='ltr'><strong>IV</strong></span> <span class='ocrx_word' id='word_1_3' title='bbox 1142 321 1208 387; x_wconf 79' lang='grc'><strong>387</strong></span> 
     </span>
    </p>
   </div>
   <div class='ocr_carea' id='block_1_2' title="bbox 151 488 1279 3419">
    <p class='ocr_par' dir='ltr' id='par_1_2' title="bbox 151 488 1279 3419">
     <span class='ocr_line' id='line_1_2' title="bbox 193 488 1209 566; baseline -0.002 -14"><span class='ocrx_word' id='word_1_4' title='bbox 193 491 335 552; x_wconf 76' lang='lat' dir='ltr'><strong>verticem</strong></span> <span class='ocrx_word' id='word_1_5' title='bbox 361 490 457 566; x_wconf 86' lang='lat' dir='ltr'><strong>ipsius</strong></span> <span class='ocrx_word' id='word_1_6' title='bbox 485 507 549 549; x_wconf 91' lang='lat' dir='ltr'><strong>esse</strong></span> <span class='ocrx_word' id='word_1_7' title='bbox 572 492 756 565; x_wconf 87' lang='lat' dir='ltr'><strong>superiorem</strong></span> <span class='ocrx_word' id='word_1_8' title='bbox 778 488 924 566; x_wconf 86' lang='lat' dir='ltr'><strong>potuisse,</strong></span> <span class='ocrx_word' id='word_1_9' title='bbox 951 489 1010 550; x_wconf 89' lang='lat' dir='ltr'><strong>nisi</strong></span> <span class='ocrx_word' id='word_1_10' title='bbox 1032 490 1111 550; x_wconf 88' lang='lat' dir='ltr'><strong>buno</strong></span> <span class='ocrx_word' id='word_1_11' title='bbox 1133 491 1209 551; x_wconf 82' lang='lat' dir='ltr'><strong>caeli</strong></span> 
     </span>
     <span class='ocr_line' id='line_1_3' title="bbox 192 578 1207 658; baseline 0 -18"><span class='ocrx_word' id='word_1_12' title='bbox 192 579 368 658; x_wconf 78' lang='lat' dir='ltr'><strong>magnitudo</strong></span> <span class='ocrx_word' id='word_1_13' title='bbox 386 579 550 655; x_wconf 77' lang='lat' dir='ltr'><strong>pressisset.</strong></span> <span class='ocrx_word' id='word_1_14' title='bbox 589 578 723 638; x_wconf 84' lang='lat' dir='ltr'><strong>Atlantis</strong></span> <span class='ocrx_word' id='word_1_15' title='bbox 743 581 881 653; x_wconf 82' lang='lat' dir='ltr'><strong>cinctum,</strong></span> <span class='ocrx_word' id='word_1_16' title='bbox 905 578 1028 639; x_wconf 90' lang='lat' dir='ltr'><strong>adsidue</strong></span> <span class='ocrx_word' id='word_1_17' title='bbox 1051 581 1101 639; x_wconf 88' lang='lat' dir='ltr'><strong>oui</strong></span> <span class='ocrx_word' id='word_1_18' title='bbox 1122 581 1207 640; x_wconf 89' lang='lat' dir='ltr'><strong>nubi·</strong></span> 
     </span>
     <span class='ocr_line' id='line_1_4' title="bbox 192 667 1279 745; baseline 0.004 -20"><span class='ocrx_word' id='word_1_19' title='bbox 192 667 244 728; x_wconf 92' lang='lat' dir='ltr'><strong>bus</strong></span> <span class='ocrx_word' id='word_1_20' title='bbox 264 670 340 727; x_wconf 87' lang='lat' dir='ltr'><strong>atris</strong></span> <span class='ocrx_word' id='word_1_21' title='bbox 363 667 524 745; x_wconf 79' lang='lat' dir='ltr'><strong>piniferum</strong></span> <span class='ocrx_word' id='word_1_22' title='bbox 547 671 637 743; x_wconf 86' lang='lat' dir='ltr'><strong>eaput</strong></span> <span class='ocrx_word' id='word_1_23' title='bbox 659 672 690 727; x_wconf 89' lang='lat' dir='ltr'><strong>et</strong></span> <span class='ocrx_word' id='word_1_24' title='bbox 712 672 801 727; x_wconf 86' lang='lat' dir='ltr'><strong>vento</strong></span> <span class='ocrx_word' id='word_1_25' title='bbox 824 667 963 744; x_wconf 91' lang='lat' dir='ltr'><strong>pulsatur</strong></span> <span class='ocrx_word' id='word_1_26' title='bbox 985 671 1016 727; x_wconf 92' lang='lat' dir='ltr'><strong>et</strong></span> <span class='ocrx_word' id='word_1_27' title='bbox 1037 668 1140 727; x_wconf 87' lang='lat' dir='ltr'><strong>imbri:</strong></span> <span class='ocrx_word' id='word_1_28' title='bbox 1163 672 1207 730; x_wconf 83' lang='lat' dir='ltr'><strong>vi·</strong></span> <span class='ocrx_word' id='word_1_29' title='bbox 1275 709 1279 714; x_wconf 87' lang='lat'><em>-</em></span> 
     </span>
     <span class='ocr_line' id='line_1_5' title="bbox 192 756 1208 835; baseline 0.003 -20"><span class='ocrx_word' id='word_1_30' title='bbox 192 757 282 817; x_wconf 86' lang='lat' dir='ltr'><strong>debat</strong></span> <span class='ocrx_word' id='word_1_31' title='bbox 299 758 435 817; x_wconf 86' lang='lat' dir='ltr'><strong>Atlantis</strong></span> <span class='ocrx_word' id='word_1_32' title='bbox 456 756 561 831; x_wconf 86' lang='lat' dir='ltr'><strong>latera,</strong></span> <span class='ocrx_word' id='word_1_33' title='bbox 581 756 705 816; x_wconf 82' lang='lat' dir='ltr'><strong>videbat</strong></span> <span class='ocrx_word' id='word_1_34' title='bbox 726 775 853 831; x_wconf 88' lang='lat' dir='ltr'><strong>umeros,</strong></span> <span class='ocrx_word' id='word_1_35' title='bbox 871 756 992 816; x_wconf 84' lang='lat' dir='ltr'><strong>videbat</strong></span> <span class='ocrx_word' id='word_1_36' title='bbox 1016 759 1046 816; x_wconf 88' lang='lat' dir='ltr'><strong>et</strong></span> <span class='ocrx_word' id='word_1_37' title='bbox 1069 759 1208 835; x_wconf 80' lang='lat' dir='ltr'><strong>cinctum,</strong></span> 
     </span>
     <span class='ocr_line' id='line_1_6' title="bbox 169 845 1207 923; baseline 0.008 -22"><span class='ocrx_word' id='word_1_38' title='bbox 169 846 313 906; x_wconf 77' lang='lat' dir='ltr'><strong>avidebat</strong></span> <span class='ocrx_word' id='word_1_39' title='bbox 340 851 370 905; x_wconf 88' lang='lat' dir='ltr'><strong>et</strong></span> <span class='ocrx_word' id='word_1_40' title='bbox 398 849 488 922; x_wconf 89' lang='lat' dir='ltr'><strong>eaput</strong></span> <span class='ocrx_word' id='word_1_41' title='bbox 515 847 578 905; x_wconf 87' lang='lat' dir='ltr'><strong>eius</strong></span> <span class='ocrx_word' id='word_1_42' title='bbox 605 846 781 921; x_wconf 85' lang='lat' dir='ltr'><strong>piniferum,</strong></span> <span class='ocrx_word' id='word_1_43' title='bbox 808 846 890 923; x_wconf 91' lang='lat' dir='ltr'><strong>quod</strong></span> <span class='ocrx_word' id='word_1_44' title='bbox 917 845 1039 906; x_wconf 76' lang='lat' dir='ltr'><strong>adsidue</strong></span> <span class='ocrx_word' id='word_1_45' title='bbox 1061 847 1207 909; x_wconf 89' lang='lat' dir='ltr'><strong>imbribus</strong></span> 
     </span>
     <span class='ocr_line' id='line_1_7' title="bbox 191 935 1207 1013; baseline 0.002 -18"><span class='ocrx_word' id='word_1_46' title='bbox 191 937 362 1011; x_wconf 78' lang='lat' dir='ltr'><strong>pulsaretur</strong></span> <span class='ocrx_word' id='word_1_47' title='bbox 384 938 415 993; x_wconf 88' lang='lat' dir='ltr'><strong>et</strong></span> <span class='ocrx_word' id='word_1_48' title='bbox 437 936 543 995; x_wconf 82' lang='lat' dir='ltr'><strong>ventis.</strong></span> <span class='ocrx_word' id='word_1_49' title='bbox 585 935 752 1010; x_wconf 33' lang='lat' dir='ltr'><strong>,piniferum</strong></span> <span class='ocrx_word' id='word_1_50' title='bbox 775 939 865 1011; x_wconf 81' lang='lat' dir='ltr'><strong>eaput</strong></span> <span class='ocrx_word' id='word_1_51' title='bbox 888 937 941 994; x_wconf 87' lang='lat' dir='ltr'><strong>aut</strong></span> <span class='ocrx_word' id='word_1_52' title='bbox 964 937 1108 1013; x_wconf 80' lang='lat' dir='ltr'><strong>crispum,</strong></span> <span class='ocrx_word' id='word_1_53' title='bbox 1136 940 1207 1013; x_wconf 90' lang='lat' dir='ltr'><strong>quia</strong></span> 
     </span>
     <span class='ocr_line' id='line_1_8' title="bbox 189 1023 1206 1101; baseline 0.001 -17"><span class='ocrx_word' id='word_1_54' title='bbox 189 1029 345 1101; x_wconf 88' lang='lat' dir='ltr'><strong>tamquam</strong></span> <span class='ocrx_word' id='word_1_55' title='bbox 372 1025 409 1083; x_wconf 89' lang='lat' dir='ltr'><strong>de</strong></span> <span class='ocrx_word' id='word_1_56' title='bbox 435 1024 555 1082; x_wconf 89' lang='lat' dir='ltr'><strong>homine</strong></span> <span class='ocrx_word' id='word_1_57' title='bbox 582 1024 774 1101; x_wconf 83' lang='lat' dir='ltr'><strong>loquebatur,</strong></span> <span class='ocrx_word' id='word_1_58' title='bbox 807 1026 860 1083; x_wconf 91' lang='lat' dir='ltr'><strong>aut</strong></span> <span class='ocrx_word' id='word_1_59' title='bbox 892 1023 1013 1085; x_wconf 90' lang='lat' dir='ltr'><strong>arbores</strong></span> <span class='ocrx_word' id='word_1_60' title='bbox 1042 1027 1146 1101; x_wconf 86' lang='lat' dir='ltr'><strong>pineas</strong></span> <span class='ocrx_word' id='word_1_61' title='bbox 1174 1029 1206 1085; x_wconf 94' lang='lat' dir='ltr'><strong>in</strong></span> 
     </span>
     <span class='ocr_line' id='line_1_9' title="bbox 190 1113 1207 1189; baseline 0.002 -16"><span class='ocrx_word' id='word_1_62' title='bbox 190 1116 343 1174; x_wconf 89' lang='lat' dir='ltr'><strong>eaeumine</strong></span> <span class='ocrx_word' id='word_1_63' title='bbox 365 1113 534 1187; x_wconf 78' lang='lat' dir='ltr'><strong>habentem,</strong></span> <span class='ocrx_word' id='word_1_64' title='bbox 553 1113 625 1189; x_wconf 90' lang='lat' dir='ltr'><strong>quia</strong></span> <span class='ocrx_word' id='word_1_65' title='bbox 646 1132 751 1172; x_wconf 89' lang='lat' dir='ltr'><strong>revera</strong></span> <span class='ocrx_word' id='word_1_66' title='bbox 773 1115 906 1172; x_wconf 91' lang='lat' dir='ltr'><strong>montem</strong></span> <span class='ocrx_word' id='word_1_67' title='bbox 924 1113 1117 1175; x_wconf 76' lang='lat' dir='ltr'><strong>describebat.</strong></span> <span class='ocrx_word' id='word_1_68' title='bbox 1155 1116 1207 1175; x_wconf 83' lang='lat' dir='ltr'><strong>nix</strong></span> 
     </span>
     <span class='ocr_line' id='line_1_10' title="bbox 188 1202 1206 1284; baseline 0.002 -21"><span class='ocrx_word' id='word_1_69' title='bbox 188 1222 306 1263; x_wconf 89' lang='lat' dir='ltr'><strong>umeros</strong></span> <span class='ocrx_word' id='word_1_70' title='bbox 329 1204 429 1262; x_wconf 88' lang='lat' dir='ltr'><strong>infusa</strong></span> <span class='ocrx_word' id='word_1_71' title='bbox 451 1203 536 1280; x_wconf 86' lang='lat' dir='ltr'><strong>tegit.</strong></span> <span class='ocrx_word' id='word_1_72' title='bbox 571 1221 639 1261; x_wconf 89' lang='lat' dir='ltr'><strong>oum</strong></span> <span class='ocrx_word' id='word_1_73' title='bbox 660 1221 720 1261; x_wconf 91' lang='lat' dir='ltr'><strong>non</strong></span> <span class='ocrx_word' id='word_1_74' title='bbox 744 1202 989 1277; x_wconf 80' lang='lat' dir='ltr'><strong>dieiteliquibus</strong></span> <span class='ocrx_word' id='word_1_75' title='bbox 1012 1204 1206 1284; x_wconf 77' lang='lat' dir='ltr'><strong>temporibus,</strong></span> 
     </span>
     <span class='ocr_line' id='line_1_11' title="bbox 157 1291 1205 1368; baseline 0.007 -22"><span class='ocrx_word' id='word_1_76' title='bbox 157 1292 322 1352; x_wconf 70' lang='lat' dir='ltr'><strong>sostendit</strong></span> <span class='ocrx_word' id='word_1_77' title='bbox 347 1293 426 1351; x_wconf 89' lang='lat' dir='ltr'><strong>hune</strong></span> <span class='ocrx_word' id='word_1_78' title='bbox 453 1291 606 1368; x_wconf 87' lang='lat' dir='ltr'><strong>perpetuis</strong></span> <span class='ocrx_word' id='word_1_79' title='bbox 634 1291 753 1351; x_wconf 80' lang='lat' dir='ltr'><strong>nivibus</strong></span> <span class='ocrx_word' id='word_1_80' title='bbox 781 1291 940 1353; x_wconf 88' lang='lat' dir='ltr'><strong>abundare.</strong></span> <span class='ocrx_word' id='word_1_81' title='bbox 985 1296 1051 1351; x_wconf 91' lang='lat' dir='ltr'><strong>tum</strong></span> <span class='ocrx_word' id='word_1_82' title='bbox 1082 1293 1205 1353; x_wconf 88' lang='lat' dir='ltr'><strong>flumina</strong></span> 
     </span>
     <span class='ocr_line' id='line_1_12' title="bbox 188 1381 1205 1458; baseline 0.003 -17"><span class='ocrx_word' id='word_1_83' title='bbox 188 1385 288 1441; x_wconf 90' lang='lat' dir='ltr'><strong>mento</strong></span> <span class='ocrx_word' id='word_1_84' title='bbox 320 1382 521 1457; x_wconf 80' lang='lat' dir='ltr'><strong>praecipitant</strong></span> <span class='ocrx_word' id='word_1_85' title='bbox 552 1382 631 1439; x_wconf 90' lang='lat' dir='ltr'><strong>senis</strong></span> <span class='ocrx_word' id='word_1_86' title='bbox 658 1384 689 1439; x_wconf 85' lang='lat' dir='ltr'><strong>et</strong></span> <span class='ocrx_word' id='word_1_87' title='bbox 717 1381 812 1458; x_wconf 85' lang='lat' dir='ltr'><strong>glaeie</strong></span> <span class='ocrx_word' id='word_1_88' title='bbox 838 1382 918 1458; x_wconf 86' lang='lat' dir='ltr'><strong>riget</strong></span> <span class='ocrx_word' id='word_1_89' title='bbox 945 1381 1068 1440; x_wconf 87' lang='lat' dir='ltr'><strong>horrida</strong></span> <span class='ocrx_word' id='word_1_90' title='bbox 1098 1382 1205 1445; x_wconf 89' lang='lat' dir='ltr'><strong>barba:</strong></span> 
     </span>
     <span class='ocr_line' id='line_1_13' title="bbox 187 1468 1205 1548; baseline 0.002 -19"><span class='ocrx_word' id='word_1_91' title='bbox 187 1474 272 1531; x_wconf 86' lang='lat' dir='ltr'><strong>nives</strong></span> <span class='ocrx_word' id='word_1_92' title='bbox 298 1470 382 1547; x_wconf 84' lang='lat' dir='ltr'><strong>ipsae</strong></span> <span class='ocrx_word' id='word_1_93' title='bbox 411 1473 464 1529; x_wconf 86' lang='lat' dir='ltr'><strong>aut</strong></span> <span class='ocrx_word' id='word_1_94' title='bbox 491 1468 664 1547; x_wconf 80' lang='lat' dir='ltr'><strong>congelatae</strong></span> <span class='ocrx_word' id='word_1_95' title='bbox 687 1469 827 1548; x_wconf 83' lang='lat' dir='ltr'><strong>rigebant</strong></span> <span class='ocrx_word' id='word_1_96' title='bbox 850 1473 902 1529; x_wconf 92' lang='lat' dir='ltr'><strong>aut</strong></span> <span class='ocrx_word' id='word_1_97' title='bbox 925 1470 1087 1530; x_wconf 86' lang='lat' dir='ltr'><strong>dissolutae</strong></span> <span class='ocrx_word' id='word_1_98' title='bbox 1109 1475 1205 1533; x_wconf 86' lang='lat' dir='ltr'><strong>verte-</strong></span> 
     </span>
     <span class='ocr_line' id='line_1_14' title="bbox 187 1558 1204 1637; baseline 0.003 -20"><span class='ocrx_word' id='word_1_99' title='bbox 187 1558 298 1619; x_wconf 88' lang='lat' dir='ltr'><strong>bantur</strong></span> <span class='ocrx_word' id='word_1_100' title='bbox 315 1562 348 1618; x_wconf 92' lang='lat' dir='ltr'><strong>in</strong></span> <span class='ocrx_word' id='word_1_101' title='bbox 365 1560 498 1618; x_wconf 89' lang='lat' dir='ltr'><strong>flumina.</strong></span> <span class='ocrx_word' id='word_1_102' title='bbox 533 1577 669 1634; x_wconf 84' lang='lat' dir='ltr'><strong>expresse</strong></span> <span class='ocrx_word' id='word_1_103' title='bbox 693 1560 770 1617; x_wconf 83' lang='lat' dir='ltr'><strong>dixit</strong></span> <span class='ocrx_word' id='word_1_104' title='bbox 792 1560 1005 1635; x_wconf 81' lang='lat' dir='ltr'><strong>praecipitant3</strong></span> <span class='ocrx_word' id='word_1_105' title='bbox 1028 1560 1204 1637; x_wconf 81' lang='lat' dir='ltr'><strong>magnitudo</strong></span> 
     </span>
     <span class='ocr_line' id='line_1_15' title="bbox 189 1647 1205 1726; baseline 0 -17"><span class='ocrx_word' id='word_1_106' title='bbox 189 1650 268 1709; x_wconf 90' lang='lat' dir='ltr'><strong>enim</strong></span> <span class='ocrx_word' id='word_1_107' title='bbox 290 1667 436 1726; x_wconf 87' lang='lat' dir='ltr'><strong>aquarum</strong></span> <span class='ocrx_word' id='word_1_108' title='bbox 459 1651 491 1707; x_wconf 89' lang='lat' dir='ltr'><strong>et</strong></span> <span class='ocrx_word' id='word_1_109' title='bbox 512 1647 628 1706; x_wconf 85' lang='lat' dir='ltr'><strong>nivium</strong></span> <span class='ocrx_word' id='word_1_110' title='bbox 651 1650 681 1705; x_wconf 89' lang='lat' dir='ltr'><strong>et</strong></span> <span class='ocrx_word' id='word_1_111' title='bbox 705 1648 873 1707; x_wconf 86' lang='lat' dir='ltr'><strong>altitudinis</strong></span> <span class='ocrx_word' id='word_1_112' title='bbox 897 1648 985 1708; x_wconf 89' lang='lat' dir='ltr'><strong>aliter</strong></span> <span class='ocrx_word' id='word_1_113' title='bbox 1008 1650 1124 1708; x_wconf 91' lang='lat' dir='ltr'><strong>ostendi</strong></span> <span class='ocrx_word' id='word_1_114' title='bbox 1144 1670 1205 1711; x_wconf 91' lang='lat' dir='ltr'><strong>non</strong></span> 
     </span>
     <span class='ocr_line' id='line_1_16' title="bbox 155 1735 1204 1816; baseline 0.007 -25"><span class='ocrx_word' id='word_1_115' title='bbox 155 1742 314 1813; x_wconf 77' lang='lat' dir='ltr'><strong>rapoterat</strong></span> <span class='ocrx_word' id='word_1_116' title='bbox 360 1742 392 1797; x_wconf 89' lang='lat' dir='ltr'><strong>et</strong></span> <span class='ocrx_word' id='word_1_117' title='bbox 414 1738 509 1816; x_wconf 83' lang='lat' dir='ltr'><strong>glacie</strong></span> <span class='ocrx_word' id='word_1_118' title='bbox 531 1738 610 1814; x_wconf 87' lang='lat' dir='ltr'><strong>riget</strong></span> <span class='ocrx_word' id='word_1_119' title='bbox 632 1737 755 1796; x_wconf 89' lang='lat' dir='ltr'><strong>horrida</strong></span> <span class='ocrx_word' id='word_1_120' title='bbox 779 1735 886 1795; x_wconf 89' lang='lat' dir='ltr'><strong>barba:</strong></span> <span class='ocrx_word' id='word_1_121' title='bbox 916 1741 947 1795; x_wconf 89' lang='lat' dir='ltr'><strong>et</strong></span> <span class='ocrx_word' id='word_1_122' title='bbox 969 1738 1018 1796; x_wconf 90' lang='lat' dir='ltr'><strong>bie</strong></span> <span class='ocrx_word' id='word_1_123' title='bbox 1040 1740 1119 1816; x_wconf 87' lang='lat' dir='ltr'><strong>riget</strong></span> <span class='ocrx_word' id='word_1_124' title='bbox 1143 1740 1204 1798; x_wconf 86' lang='lat' dir='ltr'><strong>tale</strong></span> 
     </span>
     <span class='ocr_line' id='line_1_17' title="bbox 188 1826 1204 1906; baseline 0.001 -19"><span class='ocrx_word' id='word_1_125' title='bbox 188 1831 233 1887; x_wconf 90' lang='lat' dir='ltr'><strong>est</strong></span> <span class='ocrx_word' id='word_1_126' title='bbox 255 1827 344 1904; x_wconf 86' lang='lat' dir='ltr'><strong>quale</strong></span> <span class='ocrx_word' id='word_1_127' title='bbox 368 1830 414 1886; x_wconf 88' lang='lat' dir='ltr'><strong>est</strong></span> <span class='ocrx_word' id='word_1_128' title='bbox 435 1829 487 1885; x_wconf 85' lang='lat' dir='ltr'><strong>nix</strong></span> <span class='ocrx_word' id='word_1_129' title='bbox 514 1844 632 1885; x_wconf 89' lang='lat' dir='ltr'><strong>umeros</strong></span> <span class='ocrx_word' id='word_1_130' title='bbox 659 1826 760 1885; x_wconf 85' lang='lat' dir='ltr'><strong>infusa</strong></span> <span class='ocrx_word' id='word_1_131' title='bbox 786 1827 876 1903; x_wconf 89' lang='lat' dir='ltr'><strong>tegit,</strong></span> <span class='ocrx_word' id='word_1_132' title='bbox 904 1829 938 1884; x_wconf 91' lang='lat' dir='ltr'><strong>ut</strong></span> <span class='ocrx_word' id='word_1_133' title='bbox 966 1845 1082 1902; x_wconf 86' lang='lat' dir='ltr'><strong>semper</strong></span> <span class='ocrx_word' id='word_1_134' title='bbox 1108 1829 1204 1906; x_wconf 91' lang='lat' dir='ltr'><strong>rigere</strong></span> 
     </span>
     <span class='ocr_line' id='line_1_18' title="bbox 187 1915 1204 1991; baseline 0.001 -15"><span class='ocrx_word' id='word_1_135' title='bbox 187 1916 332 1976; x_wconf 81' lang='lat' dir='ltr'><strong>rideatur.</strong></span> <span class='ocrx_word' id='word_1_136' title='bbox 379 1934 479 1975; x_wconf 92' lang='lat' dir='ltr'><strong>senem</strong></span> <span class='ocrx_word' id='word_1_137' title='bbox 509 1934 580 1975; x_wconf 85' lang='lat' dir='ltr'><strong>vero</strong></span> <span class='ocrx_word' id='word_1_138' title='bbox 612 1919 692 1974; x_wconf 88' lang='lat' dir='ltr'><strong>reete</strong></span> <span class='ocrx_word' id='word_1_139' title='bbox 724 1915 904 1991; x_wconf 85' lang='lat' dir='ltr'><strong>appellavit,</strong></span> <span class='ocrx_word' id='word_1_140' title='bbox 936 1916 984 1975; x_wconf 85' lang='lat' dir='ltr'><strong>vel</strong></span> <span class='ocrx_word' id='word_1_141' title='bbox 1012 1916 1091 1991; x_wconf 91' lang='lat' dir='ltr'><strong>quod</strong></span> <span class='ocrx_word' id='word_1_142' title='bbox 1118 1936 1204 1977; x_wconf 90' lang='lat' dir='ltr'><strong>mons</strong></span> 
     </span>
     <span class='ocr_line' id='line_1_19' title="bbox 188 2004 1204 2080; baseline 0.001 -15"><span class='ocrx_word' id='word_1_143' title='bbox 188 2008 265 2065; x_wconf 86' lang='lat' dir='ltr'><strong>esset</strong></span> <span class='ocrx_word' id='word_1_144' title='bbox 292 2005 434 2080; x_wconf 85' lang='lat' dir='ltr'><strong>antiquus</strong></span> <span class='ocrx_word' id='word_1_145' title='bbox 463 2005 511 2063; x_wconf 86' lang='lat' dir='ltr'><strong>vel</strong></span> <span class='ocrx_word' id='word_1_146' title='bbox 539 2004 620 2079; x_wconf 89' lang='lat' dir='ltr'><strong>qnod</strong></span> <span class='ocrx_word' id='word_1_147' title='bbox 641 2004 769 2065; x_wconf 79' lang='lat' dir='ltr'><strong>Mercuri</strong></span> <span class='ocrx_word' id='word_1_148' title='bbox 798 2022 872 2063; x_wconf 84' lang='lat' dir='ltr'><strong>avus</strong></span> <span class='ocrx_word' id='word_1_149' title='bbox 899 2022 961 2063; x_wconf 91' lang='lat' dir='ltr'><strong>esse</strong></span> <span class='ocrx_word' id='word_1_150' title='bbox 985 2004 1132 2064; x_wconf 79' lang='lat' dir='ltr'><strong>diceretur</strong></span> <span class='ocrx_word' id='word_1_151' title='bbox 1154 2007 1204 2067; x_wconf 85' lang='lat' dir='ltr'><strong>vel</strong></span> 
     </span>
     <span class='ocr_line' id='line_1_20' title="bbox 189 2093 1204 2170; baseline 0.003 -18"><span class='ocrx_word' id='word_1_152' title='bbox 189 2095 268 2170; x_wconf 91' lang='lat' dir='ltr'><strong>quod</strong></span> <span class='ocrx_word' id='word_1_153' title='bbox 290 2112 406 2170; x_wconf 87' lang='lat' dir='ltr'><strong>semper</strong></span> <span class='ocrx_word' id='word_1_154' title='bbox 428 2112 519 2152; x_wconf 86' lang='lat' dir='ltr'><strong>oenus</strong></span> <span class='ocrx_word' id='word_1_155' title='bbox 543 2097 621 2152; x_wconf 88' lang='lat' dir='ltr'><strong>esset</strong></span> <span class='ocrx_word' id='word_1_156' title='bbox 644 2113 679 2152; x_wconf 81' lang='lat' dir='ltr'><strong>ex</strong></span> <span class='ocrx_word' id='word_1_157' title='bbox 702 2093 829 2153; x_wconf 84' lang='lat' dir='ltr'><strong>nivibus.</strong></span> <span class='ocrx_word' id='word_1_158' title='bbox 870 2094 917 2153; x_wconf 81' lang='lat' dir='ltr'><strong>bie</strong></span> <span class='ocrx_word' id='word_1_159' title='bbox 930 2096 1063 2167; x_wconf 55' lang='lat' dir='ltr'><strong>pamma</strong></span> <span class='ocrx_word' id='word_1_160' title='bbox 1075 2096 1204 2168; x_wconf 77' lang='lat' dir='ltr'><strong>paribus</strong></span> 
     </span>
     <span class='ocr_line' id='line_1_21' title="bbox 155 2183 1204 2258; baseline 0.002 -16"><span class='ocrx_word' id='word_1_161' title='bbox 155 2186 281 2243; x_wconf 72' lang='lat' dir='ltr'><strong>aniana</strong></span> <span class='ocrx_word' id='word_1_162' title='bbox 306 2183 455 2257; x_wconf 71' lang='lat' dir='ltr'><strong>Cyllenius</strong></span> <span class='ocrx_word' id='word_1_163' title='bbox 481 2183 540 2242; x_wconf 76' lang='lat' dir='ltr'><strong>atis</strong></span> <span class='ocrx_word' id='word_1_164' title='bbox 561 2184 700 2252; x_wconf 68' lang='lat' dir='ltr'><strong>measa</strong></span> <span class='ocrx_word' id='word_1_165' title='bbox 726 2183 773 2241; x_wconf 81' lang='lat' dir='ltr'><strong>bio</strong></span> <span class='ocrx_word' id='word_1_166' title='bbox 795 2186 851 2241; x_wconf 77' lang='lat' dir='ltr'><strong>toto</strong></span> <span class='ocrx_word' id='word_1_167' title='bbox 867 2198 1011 2257; x_wconf 51' lang='lat' dir='ltr'><strong>praseae</strong></span> <span class='ocrx_word' id='word_1_168' title='bbox 1032 2200 1063 2242; x_wconf 87' lang='lat' dir='ltr'><strong>se</strong></span> <span class='ocrx_word' id='word_1_169' title='bbox 1085 2201 1204 2258; x_wconf 76' lang='lat' dir='ltr'><strong>corpore</strong></span> 
     </span>
     <span class='ocr_line' id='line_1_22' title="bbox 187 2271 1203 2347; baseline 0.002 -16"><span class='ocrx_word' id='word_1_170' title='bbox 187 2274 226 2331; x_wconf 83' lang='lat' dir='ltr'><strong>od</strong></span> <span class='ocrx_word' id='word_1_171' title='bbox 248 2272 347 2331; x_wconf 76' lang='lat' dir='ltr'><strong>andos</strong></span> <span class='ocrx_word' id='word_1_172' title='bbox 368 2275 463 2331; x_wconf 57' lang='lat' dir='ltr'><strong>misit</strong></span> <span class='ocrx_word' id='word_1_173' title='bbox 484 2290 544 2331; x_wconf 92' lang='lat' dir='ltr'><strong>non</strong></span> <span class='ocrx_word' id='word_1_174' title='bbox 562 2272 674 2329; x_wconf 79' lang='lat' dir='ltr'><strong>frustra</strong></span> <span class='ocrx_word' id='word_1_175' title='bbox 692 2272 774 2347; x_wconf 89' lang='lat' dir='ltr'><strong>paris</strong></span> <span class='ocrx_word' id='word_1_176' title='bbox 794 2272 858 2330; x_wconf 91' lang='lat' dir='ltr'><strong>alas</strong></span> <span class='ocrx_word' id='word_1_177' title='bbox 876 2271 966 2347; x_wconf 73' lang='lat' dir='ltr'><strong>dixit,</strong></span> <span class='ocrx_word' id='word_1_178' title='bbox 990 2272 1105 2331; x_wconf 84' lang='lat' dir='ltr'><strong>alarum</strong></span> <span class='ocrx_word' id='word_1_179' title='bbox 1123 2274 1203 2333; x_wconf 87' lang='lat' dir='ltr'><strong>enirn</strong></span> 
     </span>
     <span class='ocr_line' id='line_1_23' title="bbox 187 2359 1201 2438; baseline 0.003 -18"><span class='ocrx_word' id='word_1_180' title='bbox 187 2364 346 2438; x_wconf 89' lang='lat' dir='ltr'><strong>remigium</strong></span> <span class='ocrx_word' id='word_1_181' title='bbox 368 2365 503 2421; x_wconf 81' lang='lat' dir='ltr'><strong>constare</strong></span> <span class='ocrx_word' id='word_1_182' title='bbox 526 2379 586 2419; x_wconf 91' lang='lat' dir='ltr'><strong>non</strong></span> <span class='ocrx_word' id='word_1_183' title='bbox 608 2362 717 2436; x_wconf 89' lang='lat' dir='ltr'><strong>potest,</strong></span> <span class='ocrx_word' id='word_1_184' title='bbox 740 2360 799 2419; x_wconf 92' lang='lat' dir='ltr'><strong>nisi</strong></span> <span class='ocrx_word' id='word_1_185' title='bbox 820 2359 934 2418; x_wconf 87' lang='lat' dir='ltr'><strong>fuerint</strong></span> <span class='ocrx_word' id='word_1_186' title='bbox 955 2380 1051 2438; x_wconf 90' lang='lat' dir='ltr'><strong>pares.</strong></span> <span class='ocrx_word' id='word_1_187' title='bbox 1088 2361 1201 2423; x_wconf 87' lang='lat' dir='ltr'><strong>Merou-</strong></span> 
     </span>
     <span class='ocr_line' id='line_1_24' title="bbox 186 2447 1203 2528; baseline 0 -19"><span class='ocrx_word' id='word_1_188' title='bbox 186 2453 247 2511; x_wconf 88' lang='lat' dir='ltr'><strong>rius</strong></span> <span class='ocrx_word' id='word_1_189' title='bbox 271 2452 366 2528; x_wconf 87' lang='lat' dir='ltr'><strong>igitur</strong></span> <span class='ocrx_word' id='word_1_190' title='bbox 389 2450 429 2509; x_wconf 87' lang='lat' dir='ltr'><strong>ad</strong></span> <span class='ocrx_word' id='word_1_191' title='bbox 450 2451 546 2525; x_wconf 87' lang='lat' dir='ltr'><strong>partis</strong></span> <span class='ocrx_word' id='word_1_192' title='bbox 566 2447 758 2527; x_wconf 77' lang='lat' dir='ltr'><strong>Carthaginis</strong></span> <span class='ocrx_word' id='word_1_193' title='bbox 776 2448 899 2508; x_wconf 90' lang='lat' dir='ltr'><strong>tendens</strong></span> <span class='ocrx_word' id='word_1_194' title='bbox 917 2450 966 2509; x_wconf 87' lang='lat' dir='ltr'><strong>bio</strong></span> <span class='ocrx_word' id='word_1_195' title='bbox 984 2452 1116 2526; x_wconf 91' lang='lat' dir='ltr'><strong>primum</strong></span> <span class='ocrx_word' id='word_1_196' title='bbox 1134 2470 1203 2512; x_wconf 87' lang='lat' dir='ltr'><strong>oon·</strong></span> 
     </span>
     <span class='ocr_line' id='line_1_25' title="bbox 187 2537 1201 2617; baseline 0.002 -19"><span class='ocrx_word' id='word_1_197' title='bbox 187 2542 278 2616; x_wconf 84' lang='lat' dir='ltr'><strong>stitit,</strong></span> <span class='ocrx_word' id='word_1_198' title='bbox 305 2558 360 2598; x_wconf 89' lang='lat' dir='ltr'><strong>nee</strong></span> <span class='ocrx_word' id='word_1_199' title='bbox 386 2540 509 2614; x_wconf 71' lang='lat' dir='ltr'><strong>mirum,</strong></span> <span class='ocrx_word' id='word_1_200' title='bbox 545 2557 605 2597; x_wconf 91' lang='lat' dir='ltr'><strong>non</strong></span> <span class='ocrx_word' id='word_1_201' title='bbox 632 2537 735 2596; x_wconf 89' lang='lat' dir='ltr'><strong>debuit</strong></span> <span class='ocrx_word' id='word_1_202' title='bbox 763 2539 843 2595; x_wconf 90' lang='lat' dir='ltr'><strong>enim</strong></span> <span class='ocrx_word' id='word_1_203' title='bbox 869 2539 1032 2613; x_wconf 88' lang='lat' dir='ltr'><strong>praeterire</strong></span> <span class='ocrx_word' id='word_1_204' title='bbox 1061 2543 1201 2617; x_wconf 90' lang='lat' dir='ltr'><strong>montem,</strong></span> 
     </span>
     <span class='ocr_line' id='line_1_26' title="bbox 154 2628 1201 2705; baseline 0.001 -17"><span class='ocrx_word' id='word_1_205' title='bbox 154 2631 238 2705; x_wconf 72' lang='lat' dir='ltr'><strong>aqui</strong></span> <span class='ocrx_word' id='word_1_206' title='bbox 262 2631 311 2688; x_wconf 86' lang='lat' dir='ltr'><strong>avi</strong></span> <span class='ocrx_word' id='word_1_207' title='bbox 335 2629 382 2687; x_wconf 89' lang='lat' dir='ltr'><strong>sui</strong></span> <span class='ocrx_word' id='word_1_208' title='bbox 404 2630 523 2688; x_wconf 91' lang='lat' dir='ltr'><strong>nomine</strong></span> <span class='ocrx_word' id='word_1_209' title='bbox 547 2630 734 2686; x_wconf 81' lang='lat' dir='ltr'><strong>consecratus</strong></span> <span class='ocrx_word' id='word_1_210' title='bbox 758 2629 835 2686; x_wconf 89' lang='lat' dir='ltr'><strong>esset</strong></span> <span class='ocrx_word' id='word_1_211' title='bbox 858 2628 888 2685; x_wconf 88' lang='lat' dir='ltr'><strong>et</strong></span> <span class='ocrx_word' id='word_1_212' title='bbox 911 2630 1021 2703; x_wconf 86' lang='lat' dir='ltr'><strong>quiex</strong></span> <span class='ocrx_word' id='word_1_213' title='bbox 1047 2632 1201 2691; x_wconf 84' lang='lat' dir='ltr'><strong>ooeasione</strong></span> 
     </span>
     <span class='ocr_line' id='line_1_27' title="bbox 185 2716 1202 2797; baseline 0.002 -20"><span class='ocrx_word' id='word_1_214' title='bbox 185 2720 319 2797; x_wconf 85' lang='lat' dir='ltr'><strong>urgentis</strong></span> <span class='ocrx_word' id='word_1_215' title='bbox 351 2719 497 2777; x_wconf 90' lang='lat' dir='ltr'><strong>transitus</strong></span> <span class='ocrx_word' id='word_1_216' title='bbox 529 2718 713 2776; x_wconf 79' lang='lat' dir='ltr'><strong>necessarius</strong></span> <span class='ocrx_word' id='word_1_217' title='bbox 746 2716 845 2774; x_wconf 83' lang='lat' dir='ltr'><strong>iuerat</strong></span> <span class='ocrx_word' id='word_1_218' title='bbox 876 2719 907 2775; x_wconf 89' lang='lat' dir='ltr'><strong>et</strong></span> <span class='ocrx_word' id='word_1_219' title='bbox 934 2721 1105 2793; x_wconf 89' lang='lat' dir='ltr'><strong>oportunus.</strong></span> <span class='ocrx_word' id='word_1_220' title='bbox 1152 2722 1202 2779; x_wconf 75' lang='lat' dir='ltr'><strong>aei</strong></span> 
     </span>
     <span class='ocr_line' id='line_1_28' title="bbox 185 2806 1255 2880; baseline -0.001 -15"><span class='ocrx_word' id='word_1_221' title='bbox 185 2810 289 2867; x_wconf 79' lang='lat' dir='ltr'><strong>similis</strong></span> <span class='ocrx_word' id='word_1_222' title='bbox 312 2824 388 2880; x_wconf 80' lang='lat' dir='ltr'><strong>qaae</strong></span> <span class='ocrx_word' id='word_1_223' title='bbox 409 2810 518 2867; x_wconf 79' lang='lat' dir='ltr'><strong>ciream</strong></span> <span class='ocrx_word' id='word_1_224' title='bbox 538 2806 634 2873; x_wconf 80' lang='lat' dir='ltr'><strong>litora,</strong></span> <span class='ocrx_word' id='word_1_225' title='bbox 654 2807 763 2864; x_wconf 75' lang='lat' dir='ltr'><strong>sircam</strong></span> <span class='ocrx_word' id='word_1_226' title='bbox 775 2807 907 2878; x_wconf 72' lang='lat' dir='ltr'><strong>piscosos</strong></span> <span class='ocrx_word' id='word_1_227' title='bbox 924 2809 1055 2879; x_wconf 71' lang='lat' dir='ltr'><strong>scopulos</strong></span> <span class='ocrx_word' id='word_1_228' title='bbox 1073 2809 1255 2869; x_wconf 76' lang='lat' dir='ltr'><strong>bwmdtsatu</strong></span> 
     </span>
     <span class='ocr_line' id='line_1_29' title="bbox 184 2894 1202 2971; baseline -0.001 -14"><span class='ocrx_word' id='word_1_229' title='bbox 184 2897 263 2958; x_wconf 79' lang='lat' dir='ltr'><strong>volat</strong></span> <span class='ocrx_word' id='word_1_230' title='bbox 285 2914 413 2969; x_wconf 76' lang='lat' dir='ltr'><strong>aequom</strong></span> <span class='ocrx_word' id='word_1_231' title='bbox 436 2898 533 2955; x_wconf 74' lang='lat' dir='ltr'><strong>iusto:</strong></span> <span class='ocrx_word' id='word_1_232' title='bbox 561 2898 604 2954; x_wconf 89' lang='lat' dir='ltr'><strong>sio</strong></span> <span class='ocrx_word' id='word_1_233' title='bbox 625 2894 789 2953; x_wconf 81' lang='lat' dir='ltr'><strong>Mercurius</strong></span> <span class='ocrx_word' id='word_1_234' title='bbox 813 2913 844 2954; x_wconf 90' lang='lat' dir='ltr'><strong>se</strong></span> <span class='ocrx_word' id='word_1_235' title='bbox 868 2895 907 2953; x_wconf 91' lang='lat' dir='ltr'><strong>ad</strong></span> <span class='ocrx_word' id='word_1_236' title='bbox 928 2896 1024 2954; x_wconf 90' lang='lat' dir='ltr'><strong>undas</strong></span> <span class='ocrx_word' id='word_1_237' title='bbox 1046 2898 1142 2971; x_wconf 89' lang='lat' dir='ltr'><strong>misit,</strong></span> <span class='ocrx_word' id='word_1_238' title='bbox 1165 2900 1202 2956; x_wconf 91' lang='lat' dir='ltr'><strong>ut</strong></span> 
     </span>
     <span class='ocr_line' id='line_1_30' title="bbox 185 2983 1201 3061; baseline 0.001 -17"><span class='ocrx_word' id='word_1_239' title='bbox 185 2987 282 3045; x_wconf 88' lang='lat' dir='ltr'><strong>solent</strong></span> <span class='ocrx_word' id='word_1_240' title='bbox 310 3003 378 3044; x_wconf 86' lang='lat' dir='ltr'><strong>aves</strong></span> <span class='ocrx_word' id='word_1_241' title='bbox 407 2984 514 3061; x_wconf 91' lang='lat' dir='ltr'><strong>quibus</strong></span> <span class='ocrx_word' id='word_1_242' title='bbox 542 3002 608 3043; x_wconf 87' lang='lat' dir='ltr'><strong>esea</strong></span> <span class='ocrx_word' id='word_1_243' title='bbox 635 2983 726 3059; x_wconf 85' lang='lat' dir='ltr'><strong>piscis</strong></span> <span class='ocrx_word' id='word_1_244' title='bbox 754 2986 799 3041; x_wconf 90' lang='lat' dir='ltr'><strong>est</strong></span> <span class='ocrx_word' id='word_1_245' title='bbox 826 2985 857 3041; x_wconf 90' lang='lat' dir='ltr'><strong>et</strong></span> <span class='ocrx_word' id='word_1_246' title='bbox 879 2988 1003 3060; x_wconf 90' lang='lat' dir='ltr'><strong>propter</strong></span> <span class='ocrx_word' id='word_1_247' title='bbox 1025 2986 1201 3061; x_wconf 85' lang='lat' dir='ltr'><strong>explendem</strong></span> 
     </span>
     <span class='ocr_line' id='line_1_31' title="bbox 151 3072 1201 3135; baseline 0.007 -7"><span class='ocrx_word' id='word_1_248' title='bbox 151 3074 295 3133; x_wconf 81' lang='lat' dir='ltr'><strong>afamem</strong></span> <span class='ocrx_word' id='word_1_249' title='bbox 322 3074 426 3133; x_wconf 88' lang='lat' dir='ltr'><strong>volant</strong></span> <span class='ocrx_word' id='word_1_250' title='bbox 452 3075 537 3132; x_wconf 86' lang='lat' dir='ltr'><strong>iuxta</strong></span> <span class='ocrx_word' id='word_1_251' title='bbox 563 3072 659 3132; x_wconf 89' lang='lat' dir='ltr'><strong>undas</strong></span> <span class='ocrx_word' id='word_1_252' title='bbox 692 3074 722 3131; x_wconf 88' lang='lat' dir='ltr'><strong>et</strong></span> <span class='ocrx_word' id='word_1_253' title='bbox 750 3073 850 3131; x_wconf 92' lang='lat' dir='ltr'><strong>litora.</strong></span> <span class='ocrx_word' id='word_1_254' title='bbox 895 3075 968 3132; x_wconf 78' lang='lat' dir='ltr'><strong>baut</strong></span> <span class='ocrx_word' id='word_1_255' title='bbox 994 3076 1080 3133; x_wconf 79' lang='lat' dir='ltr'><strong>aliter</strong></span> <span class='ocrx_word' id='word_1_256' title='bbox 1106 3079 1201 3135; x_wconf 75' lang='lat' dir='ltr'><strong>terras</strong></span> 
     </span>
     <span class='ocr_line' id='line_1_32' title="bbox 183 3161 1199 3237; baseline -0.001 -13"><span class='ocrx_word' id='word_1_257' title='bbox 183 3165 259 3224; x_wconf 69' lang='lat' dir='ltr'><strong>aar</strong></span> <span class='ocrx_word' id='word_1_258' title='bbox 282 3164 450 3237; x_wconf 78' lang='lat' dir='ltr'><strong>coelumque</strong></span> <span class='ocrx_word' id='word_1_259' title='bbox 471 3164 588 3221; x_wconf 79' lang='lat' dir='ltr'><strong>volabat</strong></span> <span class='ocrx_word' id='word_1_260' title='bbox 610 3161 680 3221; x_wconf 78' lang='lat' dir='ltr'><strong>bitus</strong></span> <span class='ocrx_word' id='word_1_261' title='bbox 702 3162 877 3221; x_wconf 71' lang='lat' dir='ltr'><strong>harenosum</strong></span> <span class='ocrx_word' id='word_1_262' title='bbox 900 3181 935 3221; x_wconf 80' lang='lat' dir='ltr'><strong>oe</strong></span> <span class='ocrx_word' id='word_1_263' title='bbox 953 3163 1067 3237; x_wconf 70' lang='lat' dir='ltr'><strong>Libyae</strong></span> <span class='ocrx_word' id='word_1_264' title='bbox 1089 3168 1199 3223; x_wconf 74' lang='lat' dir='ltr'><strong>beatos-</strong></span> 
     </span>
     <span class='ocr_line' id='line_1_33' title="bbox 183 3250 1200 3330; baseline 0.001 -19"><span class='ocrx_word' id='word_1_265' title='bbox 183 3272 237 3326; x_wconf 77' lang='lat' dir='ltr'><strong>que</strong></span> <span class='ocrx_word' id='word_1_266' title='bbox 273 3254 405 3330; x_wconf 77' lang='lat' dir='ltr'><strong>secabat</strong></span> <span class='ocrx_word' id='word_1_267' title='bbox 424 3257 555 3311; x_wconf 67' lang='lat' dir='ltr'><strong>mutabo</strong></span> <span class='ocrx_word' id='word_1_268' title='bbox 594 3253 713 3310; x_wconf 76' lang='lat' dir='ltr'><strong>ueniens</strong></span> <span class='ocrx_word' id='word_1_269' title='bbox 749 3252 786 3310; x_wconf 86' lang='lat' dir='ltr'><strong>ob</strong></span> <span class='ocrx_word' id='word_1_270' title='bbox 823 3268 878 3309; x_wconf 83' lang='lat' dir='ltr'><strong>aee</strong></span> <span class='ocrx_word' id='word_1_271' title='bbox 917 3250 1050 3326; x_wconf 72' lang='lat' dir='ltr'><strong>Cyllenia</strong></span> <span class='ocrx_word' id='word_1_272' title='bbox 1086 3255 1200 3327; x_wconf 75' lang='lat' dir='ltr'><strong>proles:</strong></span> 
     </span>
     <span class='ocr_line' id='line_1_34' title="bbox 184 3339 1199 3419; baseline 0 -20"><span class='ocrx_word' id='word_1_273' title='bbox 184 3342 284 3402; x_wconf 82' lang='lat' dir='ltr'><strong>avium</strong></span> <span class='ocrx_word' id='word_1_274' title='bbox 308 3361 389 3401; x_wconf 91' lang='lat' dir='ltr'><strong>more</strong></span> <span class='ocrx_word' id='word_1_275' title='bbox 413 3342 491 3400; x_wconf 90' lang='lat' dir='ltr'><strong>inter</strong></span> <span class='ocrx_word' id='word_1_276' title='bbox 509 3344 605 3399; x_wconf 85' lang='lat' dir='ltr'><strong>terras</strong></span> <span class='ocrx_word' id='word_1_277' title='bbox 623 3339 797 3415; x_wconf 81' lang='lat' dir='ltr'><strong>caelumque</strong></span> <span class='ocrx_word' id='word_1_278' title='bbox 816 3358 974 3416; x_wconf 84' lang='lat' dir='ltr'><strong>suspensus</strong></span> <span class='ocrx_word' id='word_1_279' title='bbox 993 3342 1065 3401; x_wconf 90' lang='lat' dir='ltr'><strong>litus</strong></span> <span class='ocrx_word' id='word_1_280' title='bbox 1084 3341 1199 3419; x_wconf 79' lang='lat' dir='ltr'><strong>Libyae</strong></span> 
     </span>
    </p>
   </div>
   <div class='ocr_carea' id='block_1_3' title="bbox 183 3540 1209 3763">
    <p class='ocr_par' dir='ltr' id='par_1_3' title="bbox 183 3540 1209 3763">
     <span class='ocr_line' id='line_1_35' title="bbox 254 3540 1161 3623; baseline 0.001 -3"><span class='ocrx_word' id='word_1_281' title='bbox 254 3570 270 3619; x_wconf 86' lang='lat' dir='ltr'><strong>a</strong></span> <span class='ocrx_word' id='word_1_282' title='bbox 290 3568 373 3620; x_wconf 71' lang='lat' dir='ltr'><strong>aetra</strong></span> <span class='ocrx_word' id='word_1_283' title='bbox 386 3564 416 3618; x_wconf 81' lang='lat' dir='ltr'><strong>a.</strong></span> <span class='ocrx_word' id='word_1_284' title='bbox 473 3540 505 3617; x_wconf 72' lang='lat'><strong>11</strong></span> <span class='ocrx_word' id='word_1_285' title='bbox 524 3568 644 3617; x_wconf 68' lang='lat' dir='ltr'><strong>matum</strong></span> <span class='ocrx_word' id='word_1_286' title='bbox 658 3562 718 3615; x_wconf 62' lang='grc' dir='ltr'><strong>ΒΕ.</strong></span> <span class='ocrx_word' id='word_1_287' title='bbox 772 3567 806 3616; x_wconf 82' lang='lat' dir='ltr'><strong>ao</strong></span> <span class='ocrx_word' id='word_1_288' title='bbox 824 3564 869 3618; x_wconf 71' lang='lat' dir='ltr'><strong>aa</strong></span> <span class='ocrx_word' id='word_1_289' title='bbox 886 3570 941 3619; x_wconf 83' lang='lat' dir='ltr'><strong>toto</strong></span> <span class='ocrx_word' id='word_1_290' title='bbox 955 3563 1007 3617; x_wconf 80' lang='lat' dir='ltr'><strong>aa</strong></span> <span class='ocrx_word' id='word_1_291' title='bbox 1025 3566 1090 3620; x_wconf 73' lang='lat' dir='ltr'><strong>aiae</strong></span> <span class='ocrx_word' id='word_1_292' title='bbox 1107 3573 1125 3619; x_wconf 80' lang='lat' dir='ltr'><strong>t.</strong></span> <span class='ocrx_word' id='word_1_293' title='bbox 1139 3584 1161 3623; x_wconf 83' lang='lat' dir='ltr'><strong>r.</strong></span> 
     </span>
     <span class='ocr_line' id='line_1_36' title="bbox 183 3634 1209 3763; baseline -0.003 -71"><span class='ocrx_word' id='word_1_294' title='bbox 183 3638 309 3763; x_wconf 52' lang='lat' dir='ltr'><em>{1111th</em></span> <span class='ocrx_word' id='word_1_295' title='bbox 327 3636 380 3690; x_wconf 79' lang='lat' dir='ltr'><strong>LPo</strong></span> <span class='ocrx_word' id='word_1_296' title='bbox 398 3637 474 3690; x_wconf 60' lang='lat' dir='ltr'><strong>osuit</strong></span> <span class='ocrx_word' id='word_1_297' title='bbox 491 3634 534 3689; x_wconf 90' lang='lat' dir='ltr'><strong>ed.</strong></span> <span class='ocrx_word' id='word_1_298' title='bbox 608 3634 878 3690; x_wconf 78' lang='lat' dir='ltr'><strong>31iaterom.LR.</strong></span> <span class='ocrx_word' id='word_1_299' title='bbox 903 3637 910 3704; x_wconf 76' lang='lat' dir='ltr'><strong>l</strong></span> <span class='ocrx_word' id='word_1_300' title='bbox 937 3637 1156 3707; x_wconf 66' lang='lat' dir='ltr'><strong>oetubioeirit</strong></span> <span class='ocrx_word' id='word_1_301' title='bbox 1172 3654 1209 3689; x_wconf 72' lang='lat' dir='ltr'><strong>oa</strong></span> 
     </span>
    </p>
   </div>
   <div class='ocr_carea' id='block_1_4' title="bbox 954 3797 1013 3852">
    <p class='ocr_par' dir='ltr' id='par_1_4' title="bbox 954 3797 1013 3852">
     <span class='ocr_line' id='line_1_37' title="bbox 954 3797 1013 3852; baseline 0 0"><span class='ocrx_word' id='word_1_302' title='bbox 954 3797 1013 3852; x_wconf 70' lang='lat' dir='ltr'><strong>‘ab&#39;</strong></span> 
     </span>
    </p>
   </div>
   <div class='ocr_carea' id='block_1_5' title="bbox 0 0 1372 4159">
    <p class='ocr_par' dir='ltr' id='par_1_5' title="bbox 0 0 1372 4159">
     <span class='ocr_line' id='line_1_38' title="bbox 0 0 1372 4159; baseline 0 2"><span class='ocrx_word' id='word_1_303' title='bbox 0 0 1372 4159; x_wconf 95' lang='lat' dir='ltr'><strong> </strong></span> 
     </span>
    </p>
   </div>
  </div>
 </body>
</html>
