2734 4159
563 344 747 401 smarnos
765 345 804 401 u
1131 344 1197 409 537
1248 310 1251 318 ’

174 515 409 577 similitudinem
427 516 574 574 monstret
591 515 640 574 rel
663 515 807 575 oolorem:
830 516 916 589 quate
932 516 1003 574 solet
1020 516 1103 574 siloa
1122 515 1188 573 bra
1199 518 1252 568 20⁶

175 606 252 665 mali
273 605 386 680 frigore
407 606 519 664 visam
540 605 647 678 troade
668 605 764 663 virere
786 620 872 672 aava,
895 604 972 677 qaod
994 622 1054 663 aaa
1075 622 1134 664 saa
1154 622 1198 664 ee·

174 695 274 754 minat
295 694 391 763 arbas,
414 698 441 752 et
458 710 554 753 eroeeo
571 694 633 766 feta
651 694 747 752 teretis
773 693 955 753 circumdare
981 697 1107 763 trancas,
1130 694 1198 753 talis

177 788 243 844 erat
263 784 373 858 speeies
396 783 466 842 auri
486 783 652 857 frondentis
673 798 769 857 opaca
786 782 864 849 iliae,
891 783 934 840 eie
957 783 1015 841 teat
1038 784 1199 857 crepitabat

148 874 293 934 sbrattea
305 876 397 932 beaw.
434 871 693 948 quemadmodum,
712 871 820 947 inquit,
838 870 961 929 hiemali
974 871 1086 947 frigore
1106 890 1198 930 emer-

179 961 321 1041 gentibus
335 960 489 1020 frondibus
509 961 594 1021 novis
612 960 710 1020 solent
724 960 863 1019 arborum
877 962 976 1019 tnmai
992 958 1073 1020 visco
1087 960 1198 1020 fluente

179 1050 323 1128 perfundi
337 1053 367 1109 et
381 1051 510 1110 colorem
524 1068 658 1110 erooeum
678 1050 891 1122 demonstrare,
914 1049 984 1108 talis
1003 1050 1069 1108 erat
1086 1051 1198 1125 speeies

179 1140 247 1200 auri
269 1139 445 1200 frondentis.
491 1158 558 1199 oum
581 1139 780 1197 admiratione
802 1140 935 1215 positum
959 1141 1004 1198 est
1027 1140 1096 1197 auri
1118 1140 1198 1197 iron-

179 1229 279 1289 dentis
307 1248 402 1306 opaea
428 1230 511 1303 ilioe3
537 1229 717 1287 miraculum
745 1230 823 1287 enim
846 1230 906 1286 fuit
929 1247 964 1285 ex
992 1227 1097 1287 arbore
1119 1227 1198 1287 iliais

137 1319 236 1379 rohoa
263 1321 309 1379 est
335 1338 371 1377 ex
398 1319 481 1394 ligno
511 1317 670 1376 dmissimo
699 1337 816 1377 ramum
845 1335 968 1376 aureum
1000 1336 1067 1377 aum
1099 1320 1198 1377 aureis

177 1406 335 1468 frondibus
358 1407 500 1466 extitisse.
546 1408 667 1479 corripe
684 1405 801 1465 Aeaeos
824 1408 977 1479 extemplo:
999 1410 1123 1482 propter
1143 1408 1266 1466 re·210‘

178 1497 357 1556 movendam
370 1495 514 1555 narrandi
526 1496 733 1571 prolixitatem
746 1514 806 1554 non
825 1494 901 1554 dixit
920 1496 1067 1571 quomodo
1082 1495 1198 1555 Aeneas

182 1585 343 1662 adipeam
371 1583 507 1644 arborem
530 1584 670 1643 videatur
696 1586 874 1666 perrexisse,
901 1603 969 1643 aum
990 1585 1128 1645 volantes
1151 1604 1198 1645 ao·

181 1673 302 1734 lumbae
319 1675 370 1733 vix
388 1673 441 1732 illo
459 1674 664 1749 pervenissent
682 1675 806 1749 propter
824 1673 937 1732 Averni
955 1673 1198 1751 graveolentiam,

137 1783 162 1825 rs
178 1781 234 1823 nos
256 1766 357 1823 tamen
382 1761 462 1838 quod
484 1762 665 1823 breviandae
688 1751 871 1823 narrationis
894 1781 984 1822 eausa
1007 1766 1096 1839 poeta
1114 1782 1199 1839 prae-

181 1854 313 1912 termisit
326 1851 501 1929 intellegere
519 1869 685 1927 possumne,
709 1853 859 1927 quaesisse
872 1851 995 1910 Aenean
1012 1852 1103 1911 aliam
1117 1853 1199 1912 viam

180 1944 212 2002 et
233 1942 416 2017 pervenisse,
430 1942 474 1998 ut
495 1942 651 2000 inventum
673 1960 782 2000 munus
806 1942 933 2000 offerret.
979 1943 1083 2000 statim
1105 1942 1200 2019 igitur

180 2030 299 2090 Aeneas
330 2030 409 2090 huno
439 2049 558 2088 ramum
590 2031 735 2105 corripuit
766 2032 871 2105 utpote
906 2030 957 2088 diu
989 2030 1219 2089 desideratum.v

180 2120 342 2193 sartosque
365 2120 502 2194 refriapit
522 2124 719 2179 ametaatem:
746 2120 776 2177 et
803 2136 870 2177 oum
893 2137 994 2177 ramus
1016 2118 1081 2195 ipse
1104 2120 1199 2178 avidi-

137 2230 166 2271 ιο
179 2210 275 2269 tatem
306 2209 496 2284 properantis
524 2208 705 2281 retardaret,
727 2208 816 2267 'huna
843 2212 944 2267 tamen
971 2207 1087 2268 Aeneas
1118 2208 1199 2269 viait,

179 2302 208 2358 et
236 2300 314 2357 eatis
340 2301 443 2371 portat
472 2298 526 2357 aab
559 2302 630 2357 terta
660 2292 804 2371 Sibyllae:
835 2297 1028 2356 nuntiaturus
1061 2298 1202 2373 conpleta
1229 2287 1235 2296 ’

179 2388 283 2447 omnia
304 2386 438 2462 portavit
460 2388 560 2463 ipsum
582 2406 701 2445 ramum
723 2384 777 2444 sub
801 2387 881 2445 vatis
904 2388 992 2445 teate.

247 2476 311 2535 Nea
331 2477 431 2535 minae
452 2477 564 2535 interea
586 2477 739 2534 Misenum
761 2476 794 2533 ia
818 2476 899 2533 litere
919 2475 1025 2534 Teaere‘
1047 2476 1157 2547 flebant
1174 2480 1201 2535 et

179 2567 272 2625 aaut
293 2566 411 2639 inarato
436 2581 577 2639 sapreasa
594 2566 744 2639 terebant:
769 2562 922 2622 rediitad
946 2582 982 2623 ea
1004 2563 1082 2622 unde
1105 2582 1200 2623 reaes-

137 2674 165 2716 2s
180 2657 261 2714 serat
284 2655 315 2712 et
337 2654 483 2729 eompletis
509 2652 540 2711 in
565 2672 655 2713 causa
681 2653 759 2712 rami
781 2654 919 2727 partibus
944 2653 981 2713 ad
1005 2653 1112 2713 Miseni
1134 2671 1199 2713 exa-

181 2744 269 2818 quiae
291 2743 444 2802 revolutus
468 2745 525 2801 est:
549 2742 620 2801 dum
638 2743 764 2816 Aeneas,
787 2743 896 2819 inquit,
920 2742 980 2800 alia
1004 2745 1123 2801 auraret
1145 2761 1201 2801 neo

178 2835 283 2892 tamen
315 2850 350 2891 ea
382 2833 449 2907 ipsa
481 2831 636 2891 obstarent
667 2832 840 2891 curantibus
863 2832 1071 2907 sepulturam,
1103 2832 1200 2890 nihilo

178 2922 280 2980 minus
303 2920 426 2979 Troiani
447 2920 596 2980 Misenum
618 2920 730 2979 fiebant
753 2924 784 2980 et
806 2923 899 2979 aineri
920 2922 1040 2998 ingrato
1060 2940 1201 2997 suprema

179 3009 325 3069 ferebant.
372 3029 439 3068 oum
466 3009 597 3069 nondum
625 3012 760 3085 arsisset,
789 3010 839 3069 sed
867 3028 935 3069 mox
964 3013 1041 3069 esset
1068 3029 1199 3085 arsurus,

137 3123 163 3165 eo
178 3101 260 3159 reate
283 3098 416 3158 defrmoti
439 3118 548 3175 eorpus
567 3100 694 3158 cinerem
715 3098 798 3173 dixit,
823 3101 894 3174 quia
912 3099 968 3157 hoa
987 3098 1141 3176 agebatur,
1164 3101 1201 3157 ut

176 3220 394 3230 ..-.--.--.

252 3304 382 3359 bbratea
399 3303 433 3358 V.
521 3310 536 3357 6
555 3306 654 3373 {treme
672 3304 697 3357 V
717 3304 760 3357 ed.
779 3305 908 3372 florente?
990 3303 1093 3357 itales
1110 3301 1143 3357 V.

179 3376 413 3433 materiatura
435 3375 479 3430 ed.
572 3382 603 3430 11
623 3376 755 3445 eaaarplo
773 3376 882 3430 Aeaeae
900 3376 942 3429 ed.
1036 3379 1069 3428 14
1087 3391 1199 3444 praeeo·

178 3449 292 3504 lentam
311 3446 337 3500 V
353 3465 464 3518 grauem
487 3448 594 3503 odorem
617 3447 659 3502 ed.
772 3452 803 3500 17
827 3463 928 3502 maras
947 3446 972 3499 V
994 3463 1022 3501 ee
1045 3464 1079 3499 ra.
1099 3445 1142 3500 ed.

179 3526 213 3576 19
232 3536 342 3574 ramam
360 3521 418 3587 ipse
435 3519 461 3572 V
480 3536 549 3573 corr,
569 3520 612 3574 ed.
722 3523 756 3571 20
774 3518 947 3573 retardarent
965 3518 991 3571 V
1010 3533 1078 3571 oorr.
1099 3517 1141 3570 ed.

178 3596 213 3646 25
232 3591 331 3645 tanseat
349 3589 375 3644 V
397 3591 436 3644 ad
455 3591 498 3646 M.
518 3590 562 3644 ed.
653 3596 687 3644 26
707 3591 773 3646 dam
787 3620 821 3631 -
836 3597 945 3645 careret
967 3606 1021 3644 om.
1036 3589 1079 3642 ed.
1111 3590 1115 3657 Ι
1148 3606 1198 3645 aee

176 3663 204 3717 V
222 3679 257 3717 aa
280 3662 323 3716 ed.
415 3667 449 3716 30
472 3680 528 3731 aaa
550 3663 602 3715 bae
624 3664 777 3733 apebaatar
794 3660 820 3714 V
842 3663 910 3729 qaia
932 3662 998 3716 baec
1021 3679 1046 3714 a.
1067 3659 1109 3713 ed.
1129 3661 1200 3728 qaia

174 3736 227 3789 aee
245 3735 378 3804 agebatur
396 3750 454 3787 nos.
