2734 4159
463 312 466 319 ·
557 283 740 338 AENEIDOS
757 283 783 337 Π
1117 282 1179 346 169

167 456 199 510 in
233 472 292 528 quo
324 455 389 528 ipso
422 455 523 510 tuctur
553 472 711 527 personam
743 471 828 511 suam
860 454 890 510 et
922 469 1044 511 suorum
1072 451 1182 511 civium

167 546 288 618 gravat,
320 560 394 616 quos
424 540 490 598 vult
520 541 673 600 ostendere
701 540 833 599 extitisse
861 558 982 600 causam
1008 544 1043 599 ut
1070 542 1181 600 civicae

167 631 321 707 religionis
349 632 500 688 naturalia
527 630 649 688 vincula
675 632 835 705 rumperet.
882 647 949 687 cum
977 631 1056 687 enim
1080 629 1182 704 Sinon,

168 723 201 776 ut
229 719 359 791 dicebat,
386 718 462 776 nihil
490 719 550 777 tale
578 718 615 776 de
643 718 757 777 civibus
780 717 817 777 ob
841 718 960 793 culpam
984 711 1075 799 (quae
1097 720 1182 777 nulla

141 801 281 887 elueret)
309 809 478 880 meruisset,
511 809 621 866 iniusto
650 808 797 883 supplicio
824 811 947 882 propter
973 807 1061 865 unius
1084 807 1181 867 Ulixis

168 897 340 955 inimicitias
364 897 508 955 destinari
530 915 590 955 non
613 897 716 955 debuit
739 915 774 954 ac
796 915 850 972 per
872 896 929 954 hoc
951 896 1070 954 videtur
1087 898 1182 956 instas

167 1005 271 1045 causas
294 986 402 1043 habere
425 986 603 1061 proditionis
628 1005 717 1061 quem
740 1005 800 1044 non
822 985 884 1043 iam
908 987 1011 1058 civem,
1035 984 1087 1043 sed
1111 986 1181 1043 alie·

167 1096 238 1131 num
262 1093 324 1133 esse
348 1075 512 1134 constabat.
550 1075 597 1133 cui
621 1078 700 1133 enim
723 1094 783 1134 non
807 1077 853 1133 est
875 1093 893 1132 a
917 1073 1030 1133 civibus
1050 1072 1181 1133 exhibita

166 1164 280 1241 religio,
304 1166 352 1222 cui
374 1164 514 1222 ultimum
536 1164 719 1239 supplicium
741 1166 953 1240 praeparatum
976 1163 1075 1221 fuerat
1093 1162 1182 1221 desiit

128 1279 151 1312 ic
166 1254 275 1311 hahere
302 1252 476 1330 religiosum
503 1255 577 1312 civis
604 1272 711 1312 nomen
739 1253 845 1329 illique
873 1270 974 1311 omnes
996 1252 1028 1309 in
1051 1251 1181 1310 hostium

167 1362 323 1399 numerum
353 1343 474 1400 fuerant
506 1342 661 1419 redigendi
693 1344 745 1418 qui
778 1361 895 1400 omnem
928 1341 1001 1400 civis
1030 1340 1181 1399 adfectum

166 1431 251 1489 nulla
284 1451 319 1489 ex
356 1450 448 1491 causa
484 1432 625 1505 nulloque
662 1431 806 1490 existente
843 1430 965 1489 crimine
1002 1430 1180 1488 abiecerant.

168 1538 294 1595 cumque
321 1521 398 1579 tales
427 1522 594 1579 extitissent
620 1522 652 1578 in
680 1513 790 1594 civem,
818 1539 877 1577 non
900 1523 934 1577 ut
957 1521 1045 1591 civis,
1073 1518 1124 1579 sed
1147 1523 1181 1577 ut

166 1610 269 1667 reiecti
297 1609 466 1684 proditione
495 1610 593 1685 decipi
615 1611 795 1667 meruerunt.
841 1610 890 1681 scs
919 1610 991 1666 milri
1020 1607 1181 1666 Graiorum

128 1722 150 1759 rs
167 1703 286 1756 secroto
312 1700 454 1756 resolvere
479 1701 558 1765 lura,
585 1699 634 1770 sas
657 1698 752 1757 odisse
774 1700 852 1756 viros
875 1702 960 1770 cepoe
982 1698 1081 1756 omnio
1104 1699 1181 1769 ferre

166 1789 219 1844 sab
239 1804 340 1855 ouras,
359 1790 386 1845 si
404 1805 463 1859 poa
481 1791 592 1861 tepent:
614 1806 680 1846 ecce
704 1806 771 1846 cum
794 1806 939 1845 summam
963 1786 1180 1861 deprecationis

167 1895 237 1933 suae
261 1876 429 1952 colligeret,
453 1876 583 1935 ostendit
606 1896 637 1935 sc
660 1896 678 1935 a
702 1878 763 1935 suis
787 1876 927 1953 alienum,
950 1875 1049 1949 liceat,
1072 1877 1180 1950 inquit,

167 1964 240 2021 mihi
271 1964 429 2023 Graiorum
461 1968 578 2025 sacrata
609 1966 757 2024 resolvere
790 1965 870 2039 iura,
903 1967 990 2040 quasi
1022 1966 1084 2022 iam
1116 1966 1179 2039 ipse

168 2051 296 2111 Graecus
329 2073 388 2111 non
421 2059 497 2113 esset
524 2054 572 2112 vel
599 2055 647 2112 illi
674 2054 737 2113 eius
765 2056 839 2113 socii
865 2073 925 2112 non
953 2054 1088 2112 fuissent.
1135 2053 1180 2112 fas

126 2167 152 2202 :o
167 2142 264 2201 odisse
287 2145 367 2202 viros
391 2147 481 2219 atque
503 2146 603 2202 omnia
626 2144 703 2202 ferre
726 2142 780 2202 snb
804 2161 906 2215 auras,
930 2144 956 2200 si
979 2162 1039 2217 qua
1061 2145 1179 2219 tegunt:

166 2232 270 2304 liceat,
298 2232 410 2307 inquit,
439 2234 535 2293 odisse
563 2234 611 2290 vel
638 2233 762 2307 prodere
786 2250 835 2291 eos
859 2232 911 2306 qui
933 2230 1012 2289 cives
1036 2232 1095 2289 mei
1117 2250 1180 2290 esse

166 2321 334 2379 noluerunt.
388 2322 460 2380 haec
493 2322 530 2380 ad
563 2320 800 2396 deprecationem
833 2324 863 2378 ct
894 2319 1180 2379 commendationem

168 2408 287 2467 Sinonis
306 2412 466 2490 pertinent,v
481 2413 579 2469 cetera
599 2412 692 2468 alium
711 2408 846 2469 ordinem
864 2411 981 2482 tenent3
1002 2428 1073 2466 nom
1087 2408 1180 2467 Sinon

165 2498 212 2555 illi
231 2499 328 2572 primo
346 2501 427 2573 parti
444 2500 604 2575 respondet
619 2517 678 2575 qua
693 2517 783 2573 supra
797 2498 934 2556 Priamus
948 2496 1024 2555 dixit
1038 2499 1180 2571 „amissos

124 2612 149 2648 rs
166 2588 236 2645 hinc
268 2589 329 2645 iam
361 2588 534 2647 obliviscere
567 2587 686 2660 Graios,
723 2591 824 2645 noster
856 2584 940 2645 eris“.
994 2585 1104 2645 idcirco
1138 2590 1181 2645 ait

165 2682 262 2733 horor
284 2679 403 2748 petrice
429 2695 481 2736 orco
508 2679 618 2750 lepidos
639 2676 728 2746 ollis·
759 2695 866 2751 parum
889 2677 968 2734 enim
990 2676 1090 2734 fuerat
1112 2695 1180 2753 pro-

165 2768 276 2823 fessum
305 2764 430 2824 Graium
458 2786 489 2824 so
517 2783 579 2825 esse
607 2766 731 2840 desisse,
755 2764 821 2823 -nisi
854 2764 946 2823 etiam
977 2761 1053 2823 illud
1082 2770 1180 2824 osten-

165 2854 258 2927 deret,
281 2855 394 2913 factum
417 2874 480 2913 esse
504 2855 667 2913 Troianum
690 2855 746 2913 hoc
767 2857 813 2913 est
831 2854 973 2914 abiecisse
993 2854 1073 2928 quod
1092 2858 1180 2914 natus

166 2946 211 3000 est
243 2947 273 3001 et
309 2962 374 3002 csse
411 2944 491 3019 quod
526 2948 706 3019 provenerat
740 2944 943 3003 benivolentia
975 2944 1180 3002 Troianorum.

122 3059 149 3094 so
165 3039 269 3090 teneor
290 3033 408 3107 patriae
432 3052 485 3090 nec
508 3032 623 3111 legibus
646 3033 731 3107 ullis3
763 3033 830 3108 plus
854 3036 899 3091 est
922 3032 1001 3091 enim
1025 3032 1180 3090 voluntate

164 3123 289 3178 retineri
322 3142 412 3196 quam
444 3122 574 3199 legibus,
601 3121 731 3180 alterum
759 3122 869 3198 quippe
898 3141 933 3180 ex
961 3120 1060 3181 studio
1088 3139 1179 3196 purae

164 3212 287 3286 mentiS,
316 3212 444 3268 alterum
472 3230 506 3269 ex
534 3212 710 3270 necessitate
739 3210 897 3269 descendit.
943 3214 975 3268 lo
996 3210 1081 3268 modo
1101 3213 1234 3282 pro-160

163 3302 263 3357 missis
280 3318 402 3358 moereas
419 3306 591 3373 sciremque
608 3318 713 3367 sorece,
730 3300 829 3367 Troia,
848 3300 951 3370 fidem:
969 3298 1181 3375 apostropham

238 3458 251 3502 1
272 3453 329 3519 ipse
348 3452 391 3507 ed.
473 3457 506 3504 12
525 3453 682 3506 abiecerunt
699 3451 725 3503 R
743 3458 822 3505 *ortt
838 3468 853 3503 r
867 3477 901 3495 =
915 3450 945 3502 L.
1024 3456 1057 3502 13
1076 3468 1132 3504 ooo
1150 3456 1181 3505 ut

163 3525 232 3576 ciris
251 3522 303 3574 th
321 3524 374 3590 fule
391 3526 499 3592 proteyi
516 3523 581 3576 add.
596 3523 627 3576 in
645 3538 733 3592 marg.
748 3520 780 3587 τ’,
800 3522 849 3576 sed
867 3521 941 3575 nihil
960 3520 1143 3575 desideratur.

166 3601 199 3646 14
220 3596 310 3647 reiron
328 3594 380 3647 LR
398 3600 497 3649 retecto
516 3594 559 3648 ed.
575 3597 581 3663 Ι
597 3594 687 3661 decipi
700 3592 849 3647 LRtostr's
863 3594 962 3661 officio,
973 3592 1023 3645 cd.
1073 3598 1120 3643 ‘ah
1134 3593 1197 3655 pre

162 3684 224 3718 croc
243 3666 286 3717 ed.
360 3671 393 3718 27
416 3667 532 3721 Graium
552 3683 605 3723 om.
619 3664 664 3721 ed.
