2734 4159
186 355 253 419 614
467 349 607 409 ΒΟΝΑἹῚ
624 352 793 409 munera.
813 352 920 409 VERG.

183 525 300 583 mollins
332 540 417 593 nere,
448 524 531 583 eredo
564 523 709 597 constan,
736 525 823 584 >creos
855 524 960 582 decern
991 523 1027 581 ele
1057 540 1207 581 rnerrnore

130 613 303 681 serenes,
331 614 467 672 nabunt.
483 629 590 672 meses
616 612 722 672 melino
749 611 877 686 coelicae
903 616 1016 672 mentes
1043 613 1207 671 duretent

183 703 271 762 radio
294 707 321 761 et
341 703 493 775 currentia
514 702 614 761 εὲἀενα
636 700 756 760 dicente
777 698 827 776 [tn
849 718 946 777 reyere
968 702 1090 775 imperio
1107 717 1205 775 ponn-

184 793 240 860 les,
264 791 410 860 Romane,
435 788 593 867 memento]
620 788 690 863 (nce
712 790 765 850 tibi
788 794 874 849 erent
895 785 987 862 artes)
1010 792 1137 864 meane
1159 792 1206 849 tn-

179 898 290 955 ponere
326 897 447 948 morene,
481 897 604 952 parcere
622 880 774 939 -sccr'een's
811 883 838 938 et
873 878 1016 939 ornare
1050 880 1205 953 suentes:
1232 898 1244 940 s

186 971 328 1044 quoniam
356 968 514 1028 diversitas
543 968 654 1027 artium
682 972 891 1028 ornamentum
920 970 966 1027 est
992 968 1075 1027 vitae
1098 968 1204 1027 huma·

186 1077 252 1132 nae,
275 1059 327 1132 a'it,
351 1061 513 1132 sequentur
535 1058 589 1116 alii
611 1058 753 1133 peritiam
776 1057 920 1117 fundendi
944 1059 1030 1131 aeris,
1048 1060 1084 1115 ut
1101 1058 1205 1116 vultus

185 1147 302 1225 fingant
324 1148 368 1205 sio
391 1164 558 1223 expressos,
582 1149 618 1205 ut
640 1148 781 1222 spiritum
803 1146 911 1205 babere
934 1146 1093 1205 videantur
1117 1140 1204 1227 (mol-

185 1237 244 1296 lius
267 1236 352 1311 dixit,
375 1238 410 1294 ut
431 1234 561 1294 induro
586 1234 747 1295 aere-talis
766 1234 929 1313 figurarum
948 1237 1025 1295 esset
1046 1238 1205 1311 expressi0,

185 1328 220 1383 ut
247 1344 301 1401 per
327 1325 485 1383 mollitiem
513 1324 664 1400 quandam
691 1342 809 1384 movere
833 1343 885 1384 ora
908 1323 982 1383 istas
1006 1325 1059 1399 qui
1080 1324 1245 1386 vidissetis

187 1406 395 1493 existimaret),
410 1414 464 1471 alii
480 1412 554 1472 haec
573 1432 608 1472 ex
626 1432 773 1472 marmore
792 1412 903 1473 facient
920 1416 1007 1472 tanta
1025 1413 1205 1487 subtilitate,

185 1507 220 1562 ut
249 1504 390 1561 materia·
409 1501 519 1577 lapidis
550 1501 712 1561 formatum
746 1502 858 1561 animal
889 1522 950 1561 non
982 1504 1043 1561 iam
1059 1543 1060 1548 κ
1075 1503 1205 1563 viventis

187 1591 424 1665 similitudinem,
448 1591 499 1649 sed
517 1592 625 1650 -vivum
648 1591 804 1651 ostendere
827 1591 973 1667 videatur,
991 1592 1047 1651 alii
1065 1592 1205 1668 eloquen-

186 1681 247 1739 tiae
272 1698 394 1756 operam
416 1679 532 1738 debunt
555 1683 586 1739 et
608 1683 698 1739 erunt
719 1682 752 1738 in
774 1681 840 1739 foro
862 1680 1010 1755 meliores,
1029 1681 1083 1740 elii
1103 1680 1204 1756 dispu-

186 1769 296 1829 tabunt
318 1769 355 1829 de
378 1772 527 1829 astrorum
549 1769 680 1828 motibus
705 1774 735 1829 et
757 1769 892 1829 cursibus
916 1770 1042 1829 diversis
1063 1772 1094 1830 et
1112 1772 1205 1830 ratio-
1219 1789 1245 1831 re

186 1859 274 1917 nibus
308 1858 469 1918 orientium
501 1861 592 1933 atque
624 1857 832 1917 occidentium.
878 1862 913 1917 tu
943 1878 1047 1936 regere
1077 1860 1205 1935 imperio

186 1948 323 2024 populos
346 1948 488 2022 Romane,
512 1950 660 2007 memento
684 1940 756 2027 (hae
778 1947 836 2006 tibi
855 1951 942 2007 erunt
960 1940 1054 2029 artes)
1077 1948 1205 2024 pacique

186 2040 329 2114 inponere
351 2056 472 2111 morem,
494 2055 617 2114 parcere
644 2037 785 2095 subiectis
814 2039 844 2095 et
871 2035 1019 2096 debebam
1047 2037 1204 2113 superbos:

186 2126 243 2184 tibi
271 2130 370 2185 eutem
399 2145 447 2186 ars
475 2127 533 2185 erit
560 2125 697 2186 omnibus
724 2127 837 2201 potior,
865 2126 989 2203 regendi
1011 2126 1127 2187 scilieet
1150 2128 1205 2185 im-

187 2216 272 2291 perii,
296 2235 414 2276 servare
438 2215 585 2277 subiectos
609 2214 809 2291 superbosque
832 2217 972 2274 mactare.
1219 2235 1245 2274 ro

254 2305 303 2364 Sic
320 2309 408 2377 peter
425 2302 568 2364 Anchises
591 2309 676 2378 etone
694 2306 764 2364 herc
781 2305 957 2363 rnirontibns
976 2305 1073 2363 ecidit:
1096 2305 1204 2363 transi·

187 2397 236 2453 tus
260 2397 329 2453 sunt
351 2392 483 2468 quidam,
500 2412 538 2453 ne
556 2412 617 2451 una
637 2395 667 2452 et
686 2394 828 2452 continue
846 2394 979 2453 narratio
997 2393 1133 2453 taediosa
1151 2395 1204 2468 sit3

187 2483 234 2542 his
258 2483 337 2541 enirn
360 2481 517 2558 generibus
539 2483 671 2540 varietas
695 2484 829 2542 nascitur
852 2486 882 2541 et
906 2483 991 2558 quusi
1013 2501 1093 2542 nova
1115 2483 1205 2541 initia

188 2572 317 2630 aliarum
339 2571 547 2628 narrationum
568 2569 652 2628 fiunt.
699 2588 766 2629 oum
789 2572 861 2631 haee
885 2590 955 2648 ergo
982 2572 1100 2631 loeutus
1128 2577 1205 2631 esset

187 2660 344 2733 Anchises,
377 2658 438 2716 alia
471 2677 588 2734 quoque
619 2660 798 2719 mirantibus
831 2660 960 2737 addidit3
994 2661 1124 2720 advertit
1154 2680 1204 2720 eos
1219 2679 1244 2720 rs

135 2754 187 2803 855
196 2752 307 2826 quippe
320 2746 503 2825 cognitiones
518 2748 687 2807 futurarum
702 2768 801 2807 rerum
816 2749 944 2810 libenter
957 2750 1069 2810 audire.
1098 2752 1204 2825 aspere,

188 2843 220 2897 nt
238 2840 363 2912 instruis
379 2835 482 2910 spoliis
495 2837 658 2896 Marcellus
672 2840 778 2912 opimis
790 2840 956 2913 increditnr
969 2842 1113 2913 rnqune
1126 2842 1206 2899 ciros

187 2928 382 3000 supereminet
407 2927 515 2984 onmis:
547 2928 647 2985 omnia
674 2929 732 2986 iste
759 2928 953 2987 victoriarum
976 2931 1038 2987 iam
1060 2929 1137 2986 ferre
1161 2930 1205 2986 in·

189 3016 267 3075 dicia
299 3015 457 3074 videbatur
489 3017 519 3073 et
551 3033 723 3076 enumerare
754 3035 831 3092 quae
858 3021 936 3076 esset
962 3018 1096 3077 facturus
1125 3017 1206 3093 apud

190 3123 323 3180 superos,
353 3105 395 3164 sio
422 3105 524 3162 autem
550 3103 707 3163 incedebat
734 3106 825 3164 altior
847 3108 967 3181 oeteriS,
994 3110 1029 3165 ut
1051 3108 1205 3165 universos
1219 3126 1247 3166 eo

189 3196 268 3253 viros
291 3193 470 3269 praecellere
488 3193 648 3252 videretur.
683 3195 791 3270 incipit
810 3213 983 3255 enumerare
1002 3196 1113 3273 glorias
1133 3196 1206 3270 eius,

189 3285 216 3341 si
243 3303 278 3342 ex
305 3300 433 3359 persona
460 3282 622 3355 Anchisae,
650 3283 746 3340 futuri
773 3283 928 3359 temporis,
957 3287 996 3343 si·
1010 3304 1046 3343 ex
1068 3284 1206 3362 Vergilii,

262 3458 277 3505 3
298 3458 328 3505 tn
343 3485 375 3491 -
391 3459 408 3506 4
426 3457 555 3506 memento
578 3451 658 3505 deest
679 3452 710 3504 in
728 3452 762 3518 V,
786 3453 836 3506 sed
858 3452 933 3506 infra
955 3453 1093 3522 repetitur
1111 3456 1140 3507 et
1159 3470 1207 3507 ex-

189 3522 319 3591 plicatur.
381 3529 414 3576 14
433 3541 516 3593 opere
534 3522 567 3576 V.
627 3528 661 3575 23
680 3524 723 3577 bie
742 3522 767 3576 V
785 3524 849 3577 hnic
867 3524 911 3577 ed.
977 3531 1009 3579 26
1029 3527 1206 3595 recitationes

190 3594 232 3647 ed.
250 3595 254 3666 l
270 3596 398 3661 fntnrunn
411 3594 444 3648 V.
504 3598 539 3647 29
558 3594 734 3648 denumerare
748 3593 774 3646 V
792 3595 967 3649 dinrnnerare
985 3596 1028 3650 ed.
1048 3613 1207 3651 enumerare

189 3682 240 3719 nos
259 3667 459 3721 demonstrare?
532 3670 566 3719 30
585 3672 676 3719 eutem
693 3664 719 3717 V
737 3665 810 3718 enirn
827 3665 854 3717 H
873 3665 916 3720 ed.
943 3668 946 3737 l
976 3667 1043 3721 erV
1062 3675 1093 3721 nt
1112 3667 1155 3721 ed.

189 3741 222 3789 31
243 3738 368 3791 recellere
387 3737 430 3790 ed.
504 3742 538 3791 32
557 3737 654 3807 rercili
671 3735 705 3803 V,
725 3734 773 3789 sed
792 3734 958 3804 plerumque
977 3738 1018 3791 ·r‘r'.
