2734 4159
483 344 486 351 '
572 332 757 388 AENEIDOS
774 332 814 388 lv
1136 332 1203 400 389

186 505 265 564 inter
292 504 394 579 initia,
421 506 534 580 inquit,
562 504 711 581 surgentis
739 502 874 563 civitatis
899 503 1039 567 inimices
1063 502 1203 561 confoves

186 596 293 669 coepta
315 596 346 651 et
368 612 462 668 quam-
483 597 652 653 nascentem
682 594 850 668 opprimere
877 590 1020 650 debueras
1048 589 1204 650 sublevare

186 680 349 741 contendis.
389 680 518 741 dolenda
535 686 581 741 est
598 682 721 740 fortuna
742 684 806 759 tua,
824 699 901 757 quae
920 680 1102 740 contrarium
1121 678 1205 755 cupit

186 772 427 847 contrariumque
449 773 587 831 sectatur.
625 770 781 847 arripuisti
804 788 908 829 curam
930 769 1101 829 obfuturam
1124 782 1204 829 com·

161 860 282 920 sinodis
314 861 374 919 tuis
407 863 438 919 et
469 860 626 918 meliorum
659 878 742 936 spem
773 861 967 935 praesumpte
997 857 1206 934 desperatione

185 950 346 1025 tempsisti.
390 949 580 1025 inprudentis
603 948 736 1008 officium
760 953 806 1008 est
827 948 928 1007 aliene
954 948 997 1007 sio
1024 965 1144 1022 ornare,
1168 948 1205 1005 ut

185 1039 327 1117 neglegas
355 1041 422 1096 tua:
459 1057 542 1114 spem
568 1040 654 1096 tuam
680 1038 801 1115 iugulas
829 1036 918 1096 huius
945 1038 1112 1096 intentione
1134 1054 1202 1095 oon⁴

186 1129 258 1203 silii,
280 1147 348 1186 cum
371 1127 523 1186 amoribus
546 1125 688 1185 indebitis
712 1126 829 1186 deditus
852 1127 939 1185 uxori
961 1144 1052 1201 quam
1074 1124 1203 1184 rotinere

185 1236 247 1276 non
270 1219 356 1292 potes
378 1216 496 1291 placere
515 1215 678 1275 contendis.
715 1215 789 1275 haec
812 1215 982 1294 obiurgatio
1004 1217 1039 1272 ut
1062 1214 1100 1273 ab
1123 1232 1203 1273 erro·

150 1328 172 1366 ιο
184 1306 268 1365 ribus
297 1306 394 1366 solitis
422 1305 634 1365 dormientium
659 1306 860 1364 secerneretur
882 1307 914 1363 et
934 1304 1079 1363 maiorem
1102 1304 1203 1362 auoto-

185 1397 308 1454 ritatem
331 1398 474 1469 sumeret,
495 1396 572 1468 ipse,
594 1394 708 1470 inquit,
731 1396 817 1453 deum
839 1393 891 1452 eei
912 1410 958 1451 mc
980 1392 1060 1451 ctare
1082 1392 1205 1451 demetr

187 1484 310 1559 Olympo
333 1486 477 1559 repraeter,
502 1485 613 1542 caelum
632 1487 659 1542 et
676 1488 771 1542 terrae
789 1484 840 1555 quc
856 1484 977 1541 numine
995 1486 1114 1555 torquet,
1131 1482 1257 1553 ipsetto

184 1575 256 1633 haec
277 1574 356 1646 serre
377 1574 456 1632 tedet
477 1573 576 1631 celeris
598 1572 741 1631 meudula
758 1589 815 1645 per
837 1590 939 1631 aures.
980 1570 1137 1631 suffecerat
1157 1572 1203 1629 in·

185 1663 300 1721 dicasse
324 1681 342 1720 a
365 1681 425 1736 qno
449 1664 527 1721 esset
548 1663 671 1735 missus,
699 1661 764 1734 sed,
791 1678 859 1720 oum
881 1663 986 1719 notum
1009 1662 1087 1719 esset
1109 1677 1203 1735 quan·

150 1772 171 1811 u
184 1757 250 1811 tum
273 1751 411 1827 Iuppiter
432 1754 542 1826 posset,
561 1750 672 1810 adiecit
694 1748 837 1809 iniciendi
856 1749 979 1808 meioris
997 1752 1094 1808 metus
1113 1762 1204 1808 causa

185 1843 350 1916 potestates
365 1842 428 1899 eius
443 1844 473 1898 et
487 1840 566 1916 quod
580 1840 635 1898 illa
654 1842 756 1900 omnia
774 1839 898 1899 celerius
916 1839 1042 1914 perferri
1059 1837 1204 1911 iussisset,

186 1930 345 1989 ostendens
365 1948 401 1986 ex
419 1948 453 1988 eo
474 1928 555 2004 qnod
573 1928 728 1988 dicebatur
741 1928 888 1988 maturius
907 1930 1043 2003 oportere
1062 1925 1202 2002 conpleri.

185 2020 257 2091 cetu
279 2019 390 2076 strete?
413 2022 466 2077 eet
488 2037 547 2091 qec
564 2035 616 2091 epe
632 2018 753 2093 Isttpcis
776 2019 845 2077 teris
867 2019 928 2077 otia
950 2017 1054 2075 terris?
1091 2015 1204 2075 utrius·

186 2127 244 2184 que
269 2108 374 2183 eulpae
396 2106 561 2167 iustissima
582 2107 786 2183 reprehensio:
813 2124 884 2165 nam
907 2109 1021 2166 struere
1044 2106 1205 2179 contraria,

151 2197 241 2256 rohoc
265 2200 311 2255 est
332 2200 463 2256 tractare
485 2196 535 2255 vel
557 2197 727 2272 disponere,
755 2199 787 2254 et
807 2196 947 2255 inimicae
970 2195 1102 2255 civitatis
1124 2209 1203 2253 oom-

185 2285 275 2345 moda
294 2284 448 2345 sublevare
468 2287 615 2344 extremae
635 2285 802 2344 dementiee
820 2286 874 2343 est.
906 2301 1088 2361 praeponere
1102 2285 1203 2341 autem

186 2377 295 2449 otium,
324 2393 391 2433 cum
414 2377 582 2434 necessarie
603 2374 776 2452 peragenda
798 2373 994 2449 superfluant,
1018 2371 1203 2450 neglegentis

186 2468 231 2523 est
250 2466 280 2523 et
298 2466 422 2522 incauti.
458 2464 575 2538 vellem,
592 2463 701 2539 inquit,
720 2480 805 2522 nosse
829 2481 890 2539 qua
913 2482 965 2538 spe
989 2462 1117 2536 ducaris,
1135 2478 1204 2519 oum

186 2554 286 2612 aliene
314 2553 429 2631 diligis,
461 2572 530 2611 cum
558 2554 684 2611 adverse
711 2552 859 2628 disponis,
891 2570 958 2611 cum
991 2552 1053 2610 ctio
1081 2553 1203 2625 torpens

152 2657 174 2698 es
186 2646 250 2701 tam
268 2643 503 2701 necessariorum
523 2642 745 2701 commodorum
763 2640 964 2700 sollicitudine
977 2641 1089 2699 reiecta
1103 2657 1203 2698 eemu-

186 2731 248 2790 lam
270 2734 331 2789 tuis
354 2730 443 2789 rebus
465 2732 637 2806 praetulisti
659 2732 827 2808 segnitiem.
872 2728 944 2789 dum
966 2730 1121 2806 quaeritur
1143 2743 1204 2804 qus

187 2837 237 2895 spe
256 2821 287 2877 id
306 2819 399 2894 fieret,
417 2820 521 2895 procul
539 2819 630 2878 dubio
649 2820 726 2878 nihil
744 2822 777 2877 in
794 2818 916 2886 Aeneae
937 2817 1052 2878 actibus
1076 2816 1202 2892 reperie-

187 2909 275 2968 batur
299 2909 379 2984 quod
403 2909 506 2984 alique
523 2910 638 2968 valeret
657 2910 847 2968 excusatione
867 2906 993 2966 delendi.
1030 2908 1057 2965 se‘
1075 2910 1101 2964 tc
1118 2905 1202 2964 uultu

186 3003 279 3057 movet
301 3004 451 3057 tantarum
472 2999 568 3071 yterio
591 3016 697 3066 rerem,
721 2996 885 3056 Ascanium
908 3000 1070 3070 serpentem
1094 2999 1119 3053 et
1138 3011 1204 3067 spes

152 3088 299 3145 soteredie
321 3088 385 3146 leti
407 3090 523 3160 respice,
547 3088 595 3145 eei
619 3104 740 3161 repetem
763 3086 1087 3159 Italice'Romcnoqee
1109 3085 1256 3143 tellusttt

186 3216 399 3224 —-—--—-.--.-.

258 3299 274 3345 5
293 3294 436 3347 meliorum
454 3291 506 3344 th
524 3292 658 3346 meliorem
678 3292 743 3345 edF.
801 3296 816 3344 6
835 3292 1019 3359 contempsisti
1037 3290 1079 3345 ed.
1097 3291 1102 3360 Ι
1121 3306 1202 3345 ctera·

186 3371 245 3417 rent
259 3364 285 3416 tt
303 3382 401 3418 curare
419 3370 450 3417 cet
467 3380 489 3416 r.
545 3368 561 3415 8
580 3365 694 3417 reticeri
711 3363 764 3415 tlt
783 3378 852 3415 corr.
868 3361 891 3415 U
911 3361 953 3415 cd.
1011 3367 1044 3415 13
1062 3361 1205 3427 sufficerat

186 3434 238 3488 LR
256 3437 399 3502 suffecerat
416 3452 431 3487 r
449 3434 492 3487 ed.
555 3439 588 3487 14
606 3441 711 3488 etcum
730 3434 846 3488 thsed
864 3432 944 3488 ced.
1010 3438 1043 3486 le
1058 3438 1204 3501 potestates

185 3505 238 3559 th
253 3508 396 3574 potestatis
415 3506 457 3560 ed.
489 3510 492 3571 Ι
527 3506 578 3559 itta
597 3505 649 3558 th
667 3506 713 3560 site
731 3523 751 3557 r.
834 3509 866 3557 19
884 3510 958 3560 strue
976 3504 1001 3557 R
1021 3521 1089 3557 corr.
1108 3521 1130 3555 r.
1186 3538 1187 3541 =

187 3583 220 3631 20
240 3584 311 3632 tract
328 3577 393 3632 reL
412 3584 501 3632 traere
514 3576 540 3628 R
558 3583 704 3631 tractarer
723 3577 827 3631 trahere
846 3576 902 3630 ed:
923 3575 957 3629 cf.
970 3581 1029 3629 276.
1086 3580 1120 3630 23
1137 3575 1208 3626 cette

187 3650 286 3771 isoqup'pi
303 3648 332 3703 L.
355 3712 383 3769 f'
411 3648 569 3773 {lssdptgpis
587 3647 639 3701 LR
658 3649 719 3721 apis
738 3647 782 3703 ed.
802 3648 901 3721 diligis
919 3664 987 3703 nos.
1062 3651 1101 3697 ‘tt
1124 3644 1232 3693 afim

187 3735 535 3775 omoncer.
1239 3757 1242 3762 -
