2734 4159
204 357 271 423 616
485 352 628 409 DONATI
644 354 814 409 INTERPR.
824 352 940 417 [VERG.

203 531 291 586 tuum
317 525 453 584 animum
479 524 630 602 frangant.
675 523 793 583 Aeneas
822 524 858 583 de
885 542 946 590 uno
969 522 1111 599 quaesiit,
1137 527 1226 599 pater

204 618 233 675 ei
256 614 292 673 de
314 612 454 690 plurimis
472 612 639 688 respondit3
662 612 776 671 sciebat
794 615 874 672 enim
892 614 983 672 letius
1002 630 1088 688 posse
1107 613 1226 690 porrigi

204 703 480 781 interrogationem,
503 704 686 778 quapropter
709 695 848 779 occurrit,
870 722 908 761 ne
926 702 1042 762 Aeneas
1065 700 1146 760 ultra
1169 702 1225 760 ali-

206 792 280 868 quid
306 794 469 868 quaereret.
515 791 663 850 arment
689 793 776 851 lerrls
802 792 880 850 lano
906 794 1020 850 tantem
1044 791 1110 863 fala
1131 808 1225 864 neqae

150 883 294 940 stonltra
319 898 380 941 esse
400 881 510 939 small:
541 899 601 940 non
625 880 677 938 diu
701 882 759 939 erit
780 880 838 940 iste
860 881 893 938 in
915 880 994 954 luce,
1023 879 1074 939 sed
1096 898 1171 942 mox,
1189 882 1225 939 ut
1252 899 1264 939 s

204 972 387 1029 monstratus
410 970 504 1027 fuerit
525 970 640 1046 superis
662 970 806 1046 rapietur.
843 971 968 1029 nimiam
986 970 1067 1029 cobis
1085 969 1225 1028 Romana

199 1076 334 1133 propono
355 1060 422 1117 oisc
439 1062 552 1131 potens
570 1061 680 1132 capnt,
693 1059 820 1132 propria
841 1059 912 1118 leaeo
933 1060 961 1117 sl
983 1059 1062 1117 dona
1084 1059 1225 1133 fuissent:

205 1146 353 1208 convertit
376 1164 541 1207 sermonem
564 1166 651 1207 suum
674 1146 713 1207 ud
731 1146 811 1222 deos,
830 1147 926 1221 oredo,
944 1148 1055 1223 inquit
1074 1148 1224 1220 noluistis,

205 1238 315 1313 superi,
336 1237 537 1313 potentiorem
559 1235 625 1294 fieri
644 1236 812 1303 Romanam
834 1236 1057 1311 rempublicam.
1094 1236 1121 1294 si
1143 1238 1224 1296 enim

204 1328 327 1401 propria
352 1326 427 1384 haec
454 1326 581 1386 fuissent
609 1324 701 1400 dona,
731 1325 788 1385 hoo
816 1328 861 1385 est
888 1326 914 1386 si
941 1326 1020 1384 huno
1047 1326 1224 1385 diuturnum
1238 1345 1264 1386 ro

205 1414 414 1489 concederetis,
437 1419 560 1487 qnantos
582 1414 632 1473 olle
652 1417 752 1474 atrurn
774 1432 914 1489 mannam
936 1416 1085 1474 Mauortis
1110 1415 1150 1473 ael
1172 1433 1220 1473 nr·

205 1505 268 1563 bern
290 1521 412 1578 campus
434 1508 499 1577 acet
520 1505 659 1577 semitas!
686 1506 731 1562 ael
756 1521 843 1577 qaae,
870 1504 1018 1572 Tiberine,
1042 1504 1153 1563 ellan
1175 1504 1223 1576 fre

203 1610 287 1661 nera,
310 1611 377 1653 cnm
399 1593 543 1652 mmalnrn
561 1594 779 1666 praeterlabere
800 1595 956 1653 recentem!
990 1593 1016 1651 si
1033 1592 1095 1666 ille,
1112 1593 1223 1668 inquit,

205 1681 258 1741 diu
276 1684 353 1741 esset
370 1682 432 1740 luci
450 1699 612 1757 concessus,
628 1684 749 1758 quantis
767 1682 929 1759 triumphis
948 1684 1069 1742 ornaret
1082 1681 1222 1741 Romam!

204 1771 254 1829 vel
277 1789 351 1846 ques
375 1774 489 1848 strages
512 1770 549 1831 de
571 1770 707 1830 hostibus
731 1771 827 1831 daretl
857 1774 985 1847 quantos
1009 1789 1133 1849 aggeres
1159 1788 1223 1830 cor·
1237 1790 1261 1831 rs

151 1865 331 1936 talparum,
354 1860 505 1936 Tiberine,
529 1861 727 1936 pertraheres!
772 1878 826 1920 nee
843 1879 922 1934 puer
944 1861 1045 1920 Illaec
1067 1861 1223 1935 qnisquam

204 1950 240 2008 de
264 1954 347 2023 pente
373 1949 499 2009 Latlnos
525 1952 558 2010 ln
586 1954 701 2009 tantam
727 1967 778 2024 spe
805 1950 882 2009 tollet
908 1967 992 2016 acas,
1020 1966 1073 2008 nee
1093 1949 1224 2008 Romala

204 2039 352 2110 qnondam
374 2040 434 2098 allo
456 2056 487 2098 se
514 2043 628 2098 tantnrn
655 2038 740 2099 tellas
766 2040 886 2099 lactabit
912 2040 1048 2102 alanno:
1083 2057 1138 2099 nee
1165 2040 1223 2097 en't

205 2128 363 2202 quisquam
392 2148 427 2187 ox
453 2129 556 2204 eliqua
579 2131 659 2187 terra
683 2130 736 2203 qui
758 2128 883 2188 Latinos
907 2146 958 2203 spe
981 2128 1104 2187 meliore
1127 2129 1223 2204 possit

204 2215 362 2277 sublevere
389 2236 443 2277 neo
470 2221 552 2277 terre
579 2217 687 2277 Italiae
715 2218 808 2276 talem
835 2236 978 2292 umquam
1001 2218 1113 2293 poterit
1136 2217 1221 2275 ferre.
1237 2238 1262 2276 so

204 2306 260 2364 laea
277 2309 383 2378 melas,
406 2309 462 2365 lea
479 2310 584 2380 prisea
605 2308 679 2379 fides
702 2309 866 2379 laetataque
888 2306 960 2365 bello
978 2308 1113 2366 dextera!
1151 2304 1223 2381 quid

204 2393 339 2469 proderit
371 2395 442 2471 quia
473 2399 613 2455 nascetur
643 2397 711 2471 pius
740 2400 770 2456 et
797 2415 887 2472 supra
915 2414 964 2456 eos
992 2413 1066 2471 quos
1097 2397 1223 2470 antiqua

204 2484 339 2559 loquitur
361 2482 455 2542 fides?
478 2485 550 2559 quid
573 2485 707 2560 proderit
730 2486 809 2561 quod
833 2483 920 2545 tortis
942 2482 1019 2544 erit?
1042 2486 1141 2543 totum
1160 2503 1221 2542 ma·

204 2576 271 2633 ture
303 2574 368 2631 fata
400 2590 538 2648 pressura
570 2576 649 2633 sunt.
694 2592 755 2633 non
786 2577 832 2635 llll
863 2592 894 2634 se
924 2576 1080 2648 nunqnam
1111 2575 1222 2646 lnprane

152 2662 326 2722 880tallsset
348 2663 449 2720 obolas
472 2667 599 2731 armato,
621 2680 673 2721 sen
696 2680 762 2722 enne
778 2666 870 2737 pedes
892 2666 947 2722 lret
967 2665 1000 2722 ln
1021 2664 1143 2728 nostem,
1170 2680 1223 2721 sen
1237 2682 1261 2723 es

205 2754 369 2825 mamantls
392 2753 457 2825 eqni
474 2752 585 2824 foderet
602 2753 768 2811 calcarltas
786 2771 899 2812 armos:
922 2754 949 2811 si
967 2752 1020 2810 diu
1037 2752 1095 2811 iste
1115 2751 1222 2811 durare

205 2844 307 2919 posset
333 2841 364 2899 in
391 2840 471 2915 luce,
500 2841 566 2916 quis
594 2840 681 2899 illum
709 2841 801 2900 ferret
827 2842 972 2917 peditem,
1001 2840 1067 2916 quis
1091 2838 1236 2916 equitem

205 2928 367 2993 toleraret?
412 2931 467 2989 loen
489 2931 654 2989 miserande
671 2947 758 3003 pan,
784 2932 812 2989 sl
835 2949 894 3004 qna
916 2934 982 3005 fata
1009 2948 1115 3003 aspera
1142 2948 1222 2988 rnn-

201 3040 269 3097 pas,
293 3024 324 3079 tn
346 3020 510 3079 Marcellus
532 3021 604 3078 erlo:
627 3020 662 3093 si,
680 3020 790 3093 inquit,
807 3021 903 3096 possis
922 3039 1059 3096 rumpere
1077 3019 1141 3077 fata
1160 3022 1221 3092 tue,

279 3254 293 3301 l
310 3247 417 3317 pariter
434 3243 459 3297 V
475 3250 623 3313 paternos
642 3249 668 3296 et
686 3243 710 3295 e's
725 3244 833 3311 pariter
851 3243 893 3296 od.
972 3249 988 3296 ⁸2
1005 3243 1116 3313 porreqr'
1133 3243 1166 3296 V.

208 3328 224 3375 t
242 3336 306 3376 moa
319 3318 391 3389 qaod
405 3316 430 3371 V
448 3332 511 3370 mon
524 3321 563 3380 at,
579 3313 655 3385 quod
668 3313 799 3383 frequens
813 3316 857 3368 est
871 3314 947 3383 apud
961 3314 1111 3380 Donatum,
1122 3314 1222 3384 scripsi

208 3411 270 3448 cum
289 3391 332 3446 ed.
407 3394 440 3443 10
457 3389 530 3443 turno
547 3386 573 3439 V
591 3386 702 3469 laced.
781 3393 813 3440 11
833 3387 1010 3441 concederetis
1028 3385 1054 3438 V
1072 3388 1222 3469 conderetis

207 3479 351 3592 ²l'lnilcieetemd'g
371 3461 460 3605 {gnta
483 3464 602 3584 ἲοΙιῗαὲἴθ
612 3458 800 3597 αείἔσᾳῖἵιτξῖἕ
815 3457 917 3584 {rolin
925 3473 981 3596 mlm
986 3474 1121 3596 1223?ng
1122 3460 1224 3597 teg&

209 3611 252 3664 ed.
323 3611 356 3660 22
374 3605 499 3660 amator
516 3602 542 3655 V
561 3601 604 3655 ed.
623 3600 730 3654 correxi
750 3599 783 3653 of.
800 3605 860 3653 764.
934 3604 966 3651 23
987 3605 1114 3654 ettotam
1133 3600 1159 3654 V
1177 3600 1221 3654 ed.

209 3683 260 3747 erit
278 3685 296 3733 t.
316 3695 374 3733 uos.
438 3681 472 3730 24
491 3692 517 3730 se
535 3673 753 3744 qaisqnanqnlne
770 3670 803 3724 V.
869 3676 902 3723 25
921 3671 961 3723 tre
979 3669 1011 3725 V.
1081 3678 1114 3724 29
1134 3688 1223 3725 eram-

202 3770 271 3829 pere
290 3750 333 3808 ed.
