2734 4159
572 334 757 402 AENEIDOS
774 337 814 393 IV
870 386 873 391 .
1140 338 1206 403 395

188 504 363 563 excluserat.
409 504 561 563 ferebatur
592 523 662 583 ergo
696 524 750 581 per
779 508 876 565 totam
908 507 1012 565 urbem
1044 509 1088 584 et,
1120 509 1208 583 quasi

188 611 274 652 saera
297 592 398 652 Liberi
425 595 521 670 patris
545 596 718 672 agerentur,
745 613 799 670 per
821 597 983 654 amentiam
1005 595 1208 655 bacchabatur

188 683 221 740 in
254 701 322 741 eum
353 682 477 741 modum
508 701 567 759 quc
600 682 671 742 ferri
704 683 781 743 solet
812 686 958 743 commotis
991 686 1083 744 exeita
1111 689 1207 745 sceris

189 772 293 845 thyias,
311 772 362 831 abi
385 773 486 831 cadilo
509 772 663 831 stimulam
684 774 827 832 osaea
845 773 963 832 Baccho
985 777 1069 847 orgia
1090 778 1207 833 noctur·

160 877 300 933 suasque
322 865 405 919 vocat
428 860 552 920 camere
577 860 741 921 Cithaeron.
787 863 905 921 tandm
926 863 972 921 his
994 860 1118 921 Aenean
1140 879 1206 921 cen·

183 950 278 1022 pellet
294 950 412 1009 vocibus
430 950 522 1009 ultro:
539 951 695 1025 praeventi
714 952 787 1009 sunt
800 950 918 1009 Aeneae
935 953 1096 1026 tractatus3
1115 970 1207 1027 supra

189 1039 267 1097 enim
291 1038 366 1097 dixit
389 1058 470 1113 „sese
493 1040 621 1115 interea,
645 1039 764 1116 quando
792 1040 907 1116 optima
930 1039 1009 1099 Dido
1036 1040 1150 1100 neseiat
1175 1042 1207 1099 et

188 1129 289 1186 tantos
318 1130 419 1203 rumpi
445 1147 504 1187 non
533 1132 632 1206 speret
655 1148 785 1203 amores,
812 1131 1030 1204 temptaturum
1053 1128 1152 1188 aditus
1176 1133 1206 1187 et

188 1234 265 1291 quae
292 1217 469 1276 mollissima
496 1217 580 1276 fandi
607 1216 769 1294 tempora“.
815 1237 880 1277 ecce
909 1218 988 1276 Dido
1015 1219 1088 1277 licet
1113 1219 1205 1294 paulo

148 1326 174 1365 rc
188 1306 317 1380 tardiuS,
350 1308 421 1381 quia
453 1307 622 1382 inpedierat
651 1308 748 1381 furor,
780 1308 859 1367 ultro
887 1308 987 1383 ipsum
1017 1306 1205 1385 adgreditur3

187 1412 284 1469 neque
312 1394 392 1453 enim
420 1397 503 1454 aliud
531 1400 686 1472 expectare
714 1396 816 1455 debuit
839 1415 930 1472 quam
953 1399 1000 1455 tot
1023 1396 1116 1454 animi
1138 1414 1205 1471 pos·

188 1483 326 1541 sederant
348 1484 429 1543 mala
453 1488 484 1543 et
506 1504 582 1561 quae
605 1485 670 1544 fieri
692 1488 817 1544 noverat
836 1485 917 1561 quod
935 1487 1116 1561 paraverant
1134 1484 1204 1543 doli

187 1570 309 1630 tandem
327 1575 459 1648 pertinet
478 1574 516 1632 ad
534 1575 673 1648 furorem,
693 1576 747 1649 qui
765 1573 890 1632 Didonis
910 1593 1015 1634 vocem
1038 1573 1205 1647 distrrlerat,

188 1661 267 1719 ultro
295 1661 334 1720 ad
361 1661 571 1738 inpatientiam
597 1663 717 1737 doloris,
740 1676 846 1722 vocum
869 1682 939 1723 vero
963 1663 1205 1722 commemoratio

147 1770 173 1811 rs
188 1750 434 1809 exclamationem
461 1752 594 1810 futuram
621 1751 772 1830 significat
798 1770 1023 1829 progressuram
1050 1753 1083 1811 in
1105 1754 1205 1830 ingra-

187 1841 266 1913 tum3
288 1840 440 1898 nesciebat
463 1841 543 1898 enim
566 1841 640 1899 facti
663 1858 767 1900 causas
789 1840 970 1899 Mercurium
992 1843 1150 1917 peperisse.

254 1928 454 1988 Dissimulare
477 1932 564 1988 etium
586 1933 720 2003 sperasti,
734 1930 858 2003 perfide,
877 1934 991 1989 tactum
1004 1947 1093 2004 posse
1109 1932 1258 2004 nefastos

187 2018 346 2089 tacitusque
368 2035 434 2075 mea
457 2016 590 2079 decedere
608 2020 708 2079 terra?
744 2039 805 2078 non
823 2038 842 2077 a
860 2019 984 2093 levibus,
1003 2019 1055 2078 sed
1074 2019 1111 2078 ab
1129 2020 1204 2095 ipsis

188 2105 325 2164 scelerati
357 2107 498 2166 facinoris
531 2109 630 2183 eoepit
658 2109 828 2185 augmentis
855 2108 987 2167 dilatans
1015 2127 1132 2166 omnem
1160 2108 1204 2167 in-

145 2214 174 2253 no
187 2193 300 2253 vidiam
328 2198 392 2254 arte
419 2196 557 2268 mirifica,
595 2216 665 2255 nam
692 2199 823 2272 primum
850 2198 962 2256 crimen
989 2197 1048 2255 init
1071 2200 1204 2273 potuisse

186 2287 256 2359 post
279 2285 326 2342 tot
349 2286 379 2341 et
401 2287 488 2343 tanta
511 2286 619 2343 merita
641 2286 861 2346 benivolentiae
884 2287 1011 2364 cogitari
1038 2286 1203 2361 perfidiam,

187 2372 292 2431 deinde
316 2372 371 2431 hoc
389 2374 488 2448 ipsum
507 2394 561 2449 pro
580 2375 641 2433 levi
660 2374 776 2434 ducere.
810 2394 871 2435 non
894 2377 974 2433 enim
998 2375 1205 2434 dissimulatur

186 2462 246 2520 nisi
278 2462 359 2536 quod
391 2466 490 2538 potest
522 2464 612 2522 etiam
645 2463 760 2539 sperni:
797 2467 868 2523 sunt
896 2483 966 2541 ergo
993 2466 1117 2523 interim
1144 2463 1203 2523 duo

187 2552 325 2626 crimina,
362 2553 492 2610 inveniri
523 2552 618 2612 scelus
651 2555 682 2611 et
713 2552 897 2613 dissimulari
921 2552 1069 2628 potuisse.
1119 2553 1203 2612 addit

144 2659 172 2699 ae
187 2639 269 2698 aliud
297 2642 465 2715 tacitusque
492 2660 559 2699 mea
588 2641 726 2701 decedere
753 2645 847 2716 terra,
870 2662 925 2702 nec
948 2642 1067 2716 saltem,
1094 2644 1202 2718 inquit,

186 2728 229 2787 sic
253 2728 410 2803 discedere,
433 2733 469 2788 ut
491 2730 622 2808 gratiam
644 2731 694 2791 vel
717 2731 814 2790 verbis
837 2732 962 2790 referres
985 2731 1101 2790 meritis
1119 2734 1202 2791 meis.

186 2836 256 2878 num
276 2818 348 2892 quid
367 2822 432 2877 erat
450 2818 532 2879 abire
550 2820 679 2879 tacitum
697 2822 757 2879 nisi
776 2820 987 2880 beneficiorum
1009 2822 1203 2879 inmemorem

186 2904 341 2965 confiteri?
390 2910 425 2966 ut
457 2908 536 2967 enim
568 2912 614 2969 est
645 2908 754 2968 durum
785 2928 967 2985 quemquam
997 2928 1058 2968 non
1089 2911 1203 2991 moveri

185 2996 376 3055 miseratione
403 2996 620 3072 laborantium,
647 2999 693 3057 ita
720 2999 899 3058 sceleratum
922 3001 969 3057 est
990 3000 1204 3075 praestitorum

143 3104 172 3145 ao
185 3086 381 3144 inmemorem
416 3085 488 3143 fieri.
541 3088 656 3145 semina
692 3089 787 3165 igitur
824 3086 971 3163 quaedam
1007 3088 1204 3162 plurimorum

186 3174 345 3233 criminum
375 3176 455 3233 inter
485 3177 575 3234 initia
607 3177 699 3251 spatii
730 3180 760 3235 et
792 3177 965 3237 summatim
998 3179 1139 3253 congesta
1169 3177 1205 3234 in

185 3284 278 3321 unum
302 3266 476 3341 congregat,
504 3266 642 3339 sequenti
669 3268 770 3324 tamen
797 3267 829 3323 in
856 3268 943 3341 parte
969 3265 1088 3343 singula
1110 3265 1201 3324 latius

184 3354 298 3411 tractat
320 3353 428 3412 docens
452 3352 525 3428 quid
548 3354 588 3411 sit
610 3354 729 3414 sceleris
753 3374 812 3414 non
834 3355 1012 3431 respondere
1029 3354 1201 3414 benefactis.

257 3582 272 3629 2
291 3577 366 3631 sacri
383 3575 443 3631 LR.
535 3582 551 3630 3
570 3583 671 3632 motam
689 3594 742 3646 quo
760 3577 830 3643 ferri
846 3579 913 3632 solet
930 3576 980 3631 LR
1004 3578 1115 3631 modam
1133 3594 1202 3645 qua·

185 3646 219 3701 lis
236 3646 281 3701 ed.
375 3652 408 3701 14
427 3649 500 3703 altro
519 3649 557 3703 ad
575 3648 627 3702 LR
649 3650 723 3703 altro
744 3648 777 3701 ob
799 3648 866 3702 edF.
957 3654 992 3702 24
1010 3649 1132 3704 inveniri
1150 3647 1203 3701 LR

183 3734 239 3773 esse
257 3719 398 3773 inventam
416 3718 458 3771 ed.
533 3724 567 3788 27
586 3721 643 3774 nisi
660 3719 713 3773 bit
729 3720 788 3774 nisi
803 3726 849 3775 se?
