2734 4159
577 329 762 386 mnnmos
779 330 819 384 Ν
1063 410 1066 415 .
1144 330 1209 397 367

191 519 285 576 qnam
303 501 337 558 in
354 501 452 576 primo
470 499 548 560 libro
566 500 725 575 desoripsit
743 490 838 579 (504)
853 502 987 574 „instans
1002 502 1084 577 operi
1098 500 1209 579 regnis·

150 586 152 591 ’
191 608 250 665 que
273 585 414 662 futuris“‚
435 588 541 647 dehine
564 589 603 649 ad
624 607 784 664 personam
802 588 970 664 Tyriorum,
989 591 1042 666 qui
1064 593 1211 668 occupato

189 679 222 737 in
247 678 317 736 aliis
339 679 445 755 regina
467 677 659 737 deseruerant
682 696 769 736 omne
792 680 891 753 operis
913 697 1020 756 genus,
1044 678 1131 738 obliti
1153 679 1209 739 soi·

190 767 263 826 lieet
291 765 397 825 salutis
425 785 505 825 snae.
551 767 679 843 denique
706 786 774 825 oum
800 767 861 825 iam
885 786 976 843 opera
998 786 1152 827 murorum
1175 787 1209 828 ae
1255 781 1258 786 ·

166 857 322 917 etum'um
349 856 494 915 ordinatis
522 856 668 915 machinis
696 874 789 931 prope
816 857 949 931 perfeeto
975 856 1148 916 viderentur
1179 860 1210 916 et

191 945 231 1004 ad
249 944 386 1003 effectum
405 945 528 1020 plenum
542 944 607 1004 sola
621 944 736 1004 deesset
749 945 903 1020 instantia,
917 948 1094 1021 torpuerant
1108 948 1209 1006 omnia

191 1036 222 1093 et
246 1036 379 1093 omnium
403 1053 526 1109 operum
548 1035 649 1093 fervor
667 1034 834 1093 desertione
851 1035 940 1110 plena
959 1036 1124 1111 languerat.
1159 1034 1208 1093 hio

191 1122 361 1182 ostenditur
377 1126 521 1182 reatorem
546 1124 683 1200 conplere
706 1122 815 1197 omnia,
835 1141 903 1182 oum
925 1125 1040 1184 insistit
1063 1127 1093 1183 et
1115 1124 1207 1199 iubet,

190 1213 283 1287 atque
311 1214 375 1270 eius
402 1212 592 1290 neglegentia
619 1213 701 1271 omni
725 1212 814 1272 modo
837 1212 946 1289 frigere
969 1215 1108 1272 universa
1131 1232 1208 1290 quae

153 1323 177 1363 m
190 1303 261 1359 ante
283 1300 447 1361 fervebant.

259 1389 355 1464 Quam
380 1391 470 1449 simut
497 1408 533 1450 ao
559 1392 613 1449 tali
634 1392 781 1464 persensit
801 1396 883 1464 peste
910 1393 1000 1451 teneri
1027 1409 1099 1450 sara
1125 1393 1208 1452 Iovis
1226 1398 1261 1447 90

190 1481 320 1539 aonimm
340 1497 393 1539 nee
413 1480 529 1552 famam
547 1478 661 1539 obstare
677 1481 784 1553 furori,
803 1481 912 1539 tatibus
930 1482 1101 1554 adpretitnr
1119 1481 1207 1539 Vene-

188 1587 251 1628 rem
273 1566 419 1629 Satnrnia
441 1569 542 1629 dietis:
572 1568 633 1643 nbi,
655 1570 765 1644 inquit,
788 1571 880 1628 sensit
903 1568 978 1628 Iuno
1000 1570 1131 1629 furorem
1154 1569 1207 1628 Di·

189 1657 290 1731 donis,
317 1656 374 1717 hoo
401 1660 447 1717 est
475 1677 605 1717 amorem
632 1660 882 1733 intemperantem
909 1659 1034 1718 ulterius
1063 1659 1207 1718 oaeultari

149 1769 175 1809 ιι
188 1766 249 1806 non
277 1763 365 1821 posse
392 1765 446 1806 neo
473 1747 583 1805 habere
610 1747 787 1821 remedium,
814 1747 862 1807 his
887 1747 975 1807 dietis
999 1748 1139 1825 adgressa
1162 1751 1207 1808 est

188 1835 344 1895 Venerem.
390 1854 459 1895 oum
486 1835 561 1895 dioit
588 1836 743 1913 adgressa,
771 1835 902 1896 ostendit
930 1854 995 1895 eam
1024 1837 1139 1913 aliquid
1161 1839 1206 1896 in-

188 1924 304 1985 vidiose
328 1924 485 1984 diotnam.
531 1927 675 1999 eyrepiam
697 1942 764 1984 aero
787 1926 905 1985 tandem
932 1930 958 1986 et
983 1927 1080 2000 spolia
1106 1927 1207 2000 onmia

187 2014 304 2087 refertis
326 2018 413 2088 taque
428 2031 561 2087 puerque
584 2018 661 2083 tans,
683 2032 824 2087 mapnnm
843 2019 869 2073 et
885 2016 1071 2076 memorabile
1087 2033 1205 2083 namen,

186 2122 251 2163 nrm
278 2102 344 2162 doio
371 2104 472 2173 diuum
494 2105 522 2162 si
542 2104 655 2176 femina
676 2106 755 2162 vieta
776 2104 903 2162 deornm
926 2109 981 2163 est:
1012 2123 1133 2183 magna,
1161 2107 1205 2163 in·
1225 2112 1259 2161 95

148 2214 174 2254 m
188 2193 265 2270 quit,
289 2191 385 2270 gloria
407 2192 493 2251 vobis
516 2195 605 2267 parta
628 2194 681 2267 est
705 2192 762 2251 tibi
785 2194 900 2252 soilioet
922 2196 952 2252 et
974 2212 1066 2269 puero
1089 2198 1151 2268 tuo,
1171 2214 1205 2253 ex

188 2301 222 2341 eo
252 2280 333 2359 quod
359 2282 478 2357 gemina
505 2282 663 2339 numinum
689 2283 839 2357 potestate
871 2284 1030 2341 ooniunota
1061 2302 1121 2342 una
1152 2303 1207 2359 per

188 2371 291 2433 dolum
324 2371 435 2429 femina
468 2374 610 2445 superata
641 2373 693 2429 est.
739 2371 813 2430 haeo
840 2370 935 2430 veluti
961 2372 1027 2430 laus
1055 2373 1206 2448 vitupera·

187 2462 301 2519 tionem
337 2461 438 2534 potius
474 2462 569 2532 tenet,
607 2459 687 2535 quod
723 2460 800 2518 nihil
840 2460 964 2518 fecerint
1004 2461 1205 2520 memorabile.

188 2551 305 2608 vincere
327 2548 463 2607 enimin
485 2548 622 2624 partibus
646 2550 755 2607 amoris
777 2549 921 2607 feminam
943 2567 1002 2607 non
1026 2554 1071 2608 est
1093 2550 1204 2610 laboris

153 2656 176 2696 u
188 2638 324 2711 maximi,
354 2640 514 2713 praecipue
538 2657 605 2696 oum
628 2638 753 2696 duorum
778 2637 935 2695 numinum
956 2640 1090 2713 potestas
1113 2640 1205 2697 inter-

188 2727 278 2786 venit.
324 2726 413 2785 huius
441 2727 516 2786 faeti
542 2747 597 2802 per
622 2728 824 2786 coniecturam
846 2726 938 2785 edioit
961 2745 1064 2786 causas
1087 2746 1163 2804 quae
1187 2748 1204 2786 a

189 2815 302 2875 Venere
339 2819 489 2874 metuente
525 2816 640 2874 tractae
677 2818 759 2875 sunt:
800 2834 852 2875 nee
883 2834 941 2883 me,
978 2818 1090 2893 inquit,
1126 2818 1205 2889 saliit

189 2908 311 2964 vertam
339 2909 364 2963 te
390 2906 506 2963 moenia
532 2909 634 2963 nostra
660 2909 809 2977 suspectas
840 2906 976 2965 habuisse
1003 2906 1102 2964 domos
1131 2905 1203 2965 Oar-

189 2995 315 3067 tttapinis
338 2993 424 3053 attae.
469 2994 595 3067 uther,
618 2996 732 3069 inquit,
754 2993 850 3068 fieret,
874 2995 947 3070 quid
969 2996 1105 3054 timueris
1129 2995 1203 3054 soio:

158 3094 257 3141 unam
281 3101 415 3141 mearum
438 3082 665 3142 inimicitiarum
688 3084 940 3159 contemplatione
968 3088 1116 3143 commota
1143 3104 1203 3143 me-

259 3294 274 3341 1
294 3289 412 3342 instanti
430 3288 482 3340 LR
500 3304 568 3341 oorr.
583 3286 636 3356 12}
659 3290 748 3357 opere's
768 3289 796 3342 L.
870 3295 887 3343 4
905 3305 1045 3343 mmornm
1064 3288 1116 3340 LR
1133 3290 1202 3343 mni·

187 3365 277 3413 torum
295 3359 339 3413 ed.
426 3360 598 3414 taideretnr
616 3359 668 3412 LR
687 3376 756 3413 oorr.
776 3361 819 3414 ed.
898 3361 992 3415 seim
1008 3376 1057 3413 neo
1075 3359 1127 3413 LR
1145 3362 1203 3414 eine

186 3431 355 3502 neylepentia
372 3448 387 3483 r
405 3431 448 3483 ed.
511 3437 544 3483 14
562 3432 786 3498 intemperantem
803 3432 856 3485 LR
874 3437 978 3485 -ratam
996 3431 1038 3485 ed.
1100 3436 1134 3484 16
1152 3432 1202 3484 ad·

185 3519 278 3572 pressa
293 3500 345 3553 LR
358 3502 401 3554 ed.
417 3503 591 3572 adpressum?
648 3508 754 3556 26-27
774 3521 843 3571 qaae
858 3504 957 3557 Venere
970 3507 1101 3556 metuente
1114 3507 1202 3556 tracta

184 3579 251 3627 sant
273 3572 325 3625 LR
348 3579 479 3627 tractatae
503 3573 545 3627 ed.
570 3591 589 3626 a
611 3572 642 3626 V.
662 3592 696 3627 m.
716 3579 819 3628 tractae
846 3574 874 3643 (i.
890 3589 913 3628 e.
933 3573 1045 3640 ductae)
1071 3589 1129 3626 nos.

186 3649 220 3697 27
239 3644 331 3712 inanit
349 3643 401 3696 LR
419 3644 486 3698 adeo
505 3644 548 3698 ed.
605 3648 638 3696 28
658 3645 770 3700 ueritate
784 3644 838 3699 Lu
852 3643 991 3714 oornrstt
1004 3649 1148 3712 anapestus
1158 3642 1224 3691 m

184 3733 237 3781 que
252 3714 315 3766 edd.
336 3715 377 3766 ed.
452 3720 487 3768 28
504 3717 605 3772 damus
622 3716 678 3771 LR
696 3717 793 3776 domos
813 3739 837 3776 r.
