2734 4159
203 332 271 397 544
485 332 627 388 DONATI
644 332 939 388 munstravero.
1018 350 1020 354 ¹

204 501 355 561 ait'vaees
379 504 409 559 et
435 502 491 561 hoc
518 502 600 562 clara
623 520 695 562 voce
717 504 847 562 nuntiat.
894 503 1062 562 conclamat
1080 504 1166 561 vates
1190 521 1228 560 ex

203 609 331 667 persona
354 594 459 666 poetae
487 591 601 650 dictum
628 594 688 666 est,
717 592 835 670 reliqua
858 611 893 651 ex
923 610 973 651 ore
997 591 1133 668 Sibyllae
1156 610 1226 666 pro-

150 678 373 740 recesserunt.
425 685 512 753 tuque
542 681 650 740 troade
680 683 761 740 uteru
792 682 957 756 capuaeque
989 682 1069 755 eripe
1099 682 1226 754 ferrum.

203 787 284 828 uuuc
306 771 414 829 eur'mr's
437 786 521 843 opus,
543 768 654 837 Acuca,
675 789 757 830 uruec
773 775 890 845 pectore
912 771 1015 842 firure:
1043 772 1090 847 tu,
1113 769 1226 846 inquit,

203 857 314 933 Aenea,
336 860 418 918 viam
441 858 583 918 audacius
605 859 723 934 invade,
748 859 821 928 educ
844 860 956 937 vagina
984 858 1131 937 gladium,
1161 859 1226 917 ani·
1251 877 1262 918 s

203 967 286 1005 mum
308 966 455 1023 praepara
478 950 509 1007 et
531 951 595 1007 esto
618 948 792 1008 firmissimo
814 952 943 1024 pectore.
989 952 1105 1007 tautum
1133 950 1225 1023 effatu

203 1037 307 1109 sursus
325 1041 410 1095 autre
433 1054 464 1095 se
485 1039 598 1096 inmisit
619 1042 737 1111 reputo:
764 1056 831 1096 curn
854 1038 927 1097 haee
947 1036 1066 1096 Aeneae
1090 1036 1225 1111 dixisset,

203 1127 337 1200 antrum,
369 1126 449 1200 quod
478 1144 595 1202 semper
621 1126 758 1202 patebat,
788 1128 923 1204 ingressa
950 1128 997 1185 est
1023 1127 1125 1186 furens
1155 1145 1226 1185 curn

203 1213 285 1273 omni
320 1216 539 1290 properatione,
593 1216 643 1274 ille
679 1217 781 1275 ducem
817 1217 890 1275 taut
924 1216 1034 1275 timidis
1070 1216 1226 1275 rudentem

150 1331 152 1337 ¹
198 1304 341 1377 passibus
364 1308 487 1376 aequet:
508 1304 563 1376 illa
586 1305 670 1381 prior
691 1304 851 1382 pergebat,
879 1323 955 1381 quae
978 1304 1099 1363 numine
1123 1304 1227 1364 firerat
1241 1324 1262 1364 u

203 1392 293 1467 plena
316 1394 346 1451 et
369 1392 459 1451 eundi
480 1392 621 1451 fiduciam
639 1393 771 1471 gerebat,
789 1393 906 1453 Aeneas
925 1412 996 1453 vero
1015 1394 1110 1471 ipsius
1130 1396 1227 1454 socie·

203 1483 266 1540 tate
303 1480 430 1540 confisus
465 1481 531 1541 ibat
566 1502 627 1541 non
668 1485 783 1541 minore
825 1501 931 1560 gressu
966 1501 1057 1558 quam
1095 1481 1224 1559 Sibylla

202 1589 343 1646 magnam
372 1573 572 1631 constantiam
595 1572 713 1631 Aeneae
740 1572 831 1632 fuisse
861 1571 993 1632 ostendit
1021 1571 1147 1631 dicendo
1170 1592 1225 1632 ra·

202 1659 322 1719 dentem
349 1660 486 1736 passibus
510 1663 622 1735 aequat
643 1660 718 1719 haut
740 1660 867 1734 timidis3
896 1680 967 1719 narn
995 1663 1047 1736 qui
1070 1660 1225 1722 confidens

202 1748 428 1823 praecedentem
447 1751 585 1825 sequitur
599 1750 661 1808 sine
676 1749 766 1809 dubio
780 1751 928 1827 posterior
943 1750 1078 1809 ambulat
1090 1750 1225 1829 vestigia
1239 1770 1259 1810 u

202 1838 435 1897 demonstrantis
462 1838 623 1908 observans
651 1843 682 1898 et
710 1839 763 1914 qui
790 1840 923 1916 trepidus
947 1838 1032 1898 vadit
1060 1838 1096 1897 fit
1123 1842 1224 1899 metus

203 1945 293 1986 causa
308 1928 432 2003 tardior,
453 1927 571 1987 Aeneas
591 1930 691 1987 eutem
709 1930 796 1987 tanta
814 1928 908 1988 animi
925 1927 1035 1987 fiducia
1053 1929 1223 2005 tenebatur,

201 2019 237 2075 ut
261 2016 394 2095 Sibyllae
416 2018 554 2095 passibus
577 2036 646 2077 suos
669 2036 788 2095 gressus
813 2018 964 2092 aequaret.

269 2108 324 2166 Dr‘e'
346 2108 451 2181 quibus
473 2109 631 2181 imperium
649 2111 691 2166 est
713 2108 884 2166 euuuurum
905 2108 1083 2180 umbraeque
1104 2108 1222 2168 ruente

149 2199 238 2254 asset
261 2195 356 2255 Obees
379 2200 405 2255 et
426 2196 612 2271 Phlepetbeu,
643 2196 708 2256 toea
734 2200 815 2256 uerte
841 2198 967 2255 tuceuttu
994 2195 1065 2264 tute,
1087 2198 1127 2255 sr't
1149 2198 1257 2256 milia

201 2286 251 2357 fas
274 2284 379 2343 auditu
401 2286 493 2359 loqui,
515 2289 554 2345 er't
575 2288 697 2346 uumr'ue
719 2290 812 2345 restro
829 2285 964 2357 paudere
985 2302 1033 2343 res
1056 2285 1119 2344 ulte
1143 2290 1223 2346 terra

203 2378 229 2432 et
251 2374 375 2447 cuipter
397 2392 524 2433 mersus·
551 2376 685 2435 dicturus
713 2377 803 2451 poeta
826 2374 929 2450 quales
958 2392 1020 2433 esse
1044 2373 1223 2435 adserantur

202 2462 285 2521 sedes
312 2463 448 2521 infernae
477 2466 508 2522 et
540 2483 616 2539 quae
647 2465 711 2524 illic
727 2464 824 2522 ¹iurta
856 2463 971 2521 animas
1002 2465 1147 2541 gerantur
1175 2464 1223 2523 vel

202 2549 299 2608 multa
336 2550 536 2627 descripturus
573 2555 728 2630 incognita
758 2552 942 2625 viventibus,
975 2572 1012 2611 ne
1044 2554 1223 2612 temerarius

201 2639 393 2714 iudicaretur,
417 2642 534 2700 veniam
558 2661 577 2699 a
600 2643 656 2702 diis
680 2643 783 2702 inferis
806 2641 980 2717 postulabat
1003 2640 1143 2701 adserens
1162 2661 1222 2702 non
1235 2661 1256 2702 u

203 2746 234 2786 se
253 2732 382 2802 auctore,
401 2730 452 2788 sed
475 2732 544 2789 aliis
567 2731 787 2806 proferentibus
810 2731 922 2806 scripta
939 2730 988 2789 vel
1012 2730 1093 2790 dicta
1116 2751 1221 2792 narra-

202 2820 296 2877 turus.
341 2821 442 2893 posset
473 2819 553 2878 enim
584 2820 617 2878 in
649 2822 776 2896 utroque
803 2819 993 2897 reprehendi,
1025 2820 1105 2896 quod
1134 2821 1221 2881 vivus

202 2906 355 2984 incognita
373 2909 451 2967 vivis
470 2927 524 2983 pro
547 2909 626 2967 veris
650 2908 808 2983 adsereret,
831 2911 885 2968 aut
907 2927 1058 2985 praeceps,
1082 2910 1108 2967 si
1128 2910 1220 2969 effun-

203 2994 286 3054 deret
300 3015 371 3056 vera
385 3015 461 3071 quae
481 2998 598 3056 occulta
617 3016 680 3056 esse
699 2997 863 3057 debuerant
881 3016 935 3056 nec
953 2999 984 3056 iu
1003 2999 1111 3074 vulgus
1132 3000 1220 3059 exire.

203 3084 327 3160 proinde
359 3086 404 3144 ait
439 3088 558 3146 veniam
594 3090 663 3162 peto
699 3106 717 3146 a
751 3087 808 3146 diis
841 3087 948 3162 quibus
983 3087 1143 3163 imperium
1177 3092 1254 3150 esta

203 3174 385 3249 animarum,
416 3178 451 3233 ut
474 3175 550 3234 mihi
571 3176 684 3252 inpune
707 3177 798 3235 liceat
821 3176 925 3234 audita
948 3195 1078 3234 narrare.

269 3264 361 3323 Ibant
382 3264 498 3324 obscuri
515 3266 579 3324 sola
596 3266 651 3325 sub
669 3270 750 3325 uerte
762 3283 820 3339 per
837 3266 974 3325 urrerem
987 3283 1099 3339 perque
1117 3267 1222 3326 demus

275 3434 415 3488 tumidis
433 3435 462 3488 et
480 3433 554 3488 infra
568 3433 594 3487 V
607 3436 701 3490 timide
720 3436 763 3489 cd.
819 3441 852 3488 19
870 3436 977 3490 sileatis
991 3435 1024 3489 V.
1081 3440 1115 3489 20
1131 3438 1221 3509 plepe-

202 3505 706 3574 therV.1raeeuiavutenttaed.
767 3513 800 3559 23
819 3507 861 3560 uel
878 3506 903 3559 V
922 3513 953 3561 ut
971 3506 1015 3560 ed.
1076 3513 1109 3560 25
1125 3517 1223 3576 portu·

202 3573 279 3630 lubet
292 3575 318 3629 V
332 3577 375 3632 ed.
387 3578 529 3645 postulat?
584 3583 617 3630 ‘26
636 3584 747 3633 auctore
760 3577 786 3631 V
800 3577 843 3631 ed.
860 3583 1015 3633 auctorem?
1031 3578 1035 3648 Ι
1051 3586 1224 3637 narraturus

203 3648 228 3701 V
241 3655 423 3703 narraturum
436 3648 479 3703 ed.
536 3655 570 3702 28
585 3666 717 3718 praeceps
729 3651 755 3704 sr'
769 3648 794 3701 V
807 3650 833 3703 si
847 3648 935 3702 deleri
949 3647 1055 3703 malim.
1112 3654 1147 3703 30
1168 3654 1225 3709 diis

198 3720 227 3776 V
241 3740 260 3777 a
278 3722 337 3779 dire
354 3720 398 3778 cd.
473 3727 506 3775 32
525 3722 622 3776 dorrue
640 3722 672 3774 ut
690 3739 715 3775 v.
726 3725 777 3774 2³1
797 3719 822 3773 V
841 3721 933 3775 domos
951 3720 994 3775 ed.
