2734 4159
471 394 474 403 ·
587 366 770 423 AENEIDOS
789 368 814 423 V
1145 365 1210 433 501

190 537 280 597 cuins
294 537 482 595 commodum
499 538 600 596 fuerat
617 539 824 613 interceptum.
861 537 984 610 factum,
1003 537 1110 615 inquit,
1131 537 1211 613 quod

188 627 267 686 estis
286 625 454 704 adgressae,
472 626 552 702 quod
570 626 697 685 funestis
715 626 853 686 manibus
872 645 953 702 spem
970 629 1100 686 vestram
1118 627 1212 685 tradi·

193 714 281 775 (iistis
295 714 441 790 incendio,
455 716 603 775 insaniam
617 718 758 790 vestram,
777 715 865 789 cives,
885 716 1106 791 amentiamque
1120 718 1211 775 testa-

191 808 251 866 tur.
298 804 399 863 nullus
422 807 468 863 est
498 805 577 862 enim
604 806 663 864 nisi
690 804 763 864 satis
786 804 1036 879 vehementerque
1064 803 1212 880 desipiens

167 894 248 970 equi
269 893 361 953 rebus
383 895 445 953 suis
467 894 623 952 interitum
646 894 732 953 ferat.
779 913 868 953 ausus
892 892 1063 952 huiusmodi
1087 896 1140 952 aut
1162 893 1211 953 de·

192 982 303 1043 mentis
321 1000 385 1041 esse
404 985 522 1042 constat
539 986 594 1042 aut
610 983 715 1042 hostis.
752 982 878 1059 denique
897 985 939 1042 sic
953 984 1098 1059 magistre
1112 982 1212 1042 surore

193 1071 334 1147 peccatis,
356 1074 392 1130 ut
415 1070 562 1131 confidam
585 1091 637 1131 vos
666 1072 751 1130 navis
779 1074 896 1131 nostras
925 1074 1023 1130 castra
1051 1071 1212 1131 arbitratae

194 1180 258 1221 esse
282 1158 451 1220 Graiorum.
496 1163 634 1220 nostrum
657 1163 715 1233 est,
743 1164 882 1236 miserae,
907 1157 1048 1236 quicquid
1073 1161 1159 1219 ardet
1181 1163 1212 1220 et

193 1250 338 1324 flammat,
356 1252 492 1310 nostrum
506 1252 552 1309 est
566 1249 708 1326 quiequid
727 1269 781 1327 per
798 1252 913 1309 vestras
931 1268 1037 1309 manus
1055 1249 1212 1308 inimicum

160 1354 182 1394 a
194 1340 346 1399 consumit
367 1339 546 1420 incendium.
593 1357 629 1399 ea
651 1356 702 1413 eqo
724 1343 816 1399 cester
834 1338 999 1398 Ascanius:
1021 1339 1068 1398 vel
1087 1358 1144 1414 me,
1166 1338 1212 1396 in-

193 1431 270 1504 quit,
288 1427 452 1487 Ascanium
471 1432 604 1487 vestr-um
621 1430 732 1487 reiecto
752 1430 851 1487 furore
871 1429 1049 1505 cognoscite,
1067 1446 1127 1487 non
1146 1446 1210 1486 sum

194 1517 310 1576 alienus
334 1535 352 1575 a
376 1535 466 1577 causa
494 1518 545 1593 qui
573 1518 688 1593 loquor.
737 1518 854 1593 paleam
882 1522 948 1577 autc
972 1517 1064 1591 pedes
1087 1519 1214 1591 proiecit

193 1610 323 1674 inuam
342 1624 432 1679 quom
450 1607 520 1665 ludo
537 1608 659 1666 indatus
674 1607 741 1666 beili
753 1607 915 1666 simulacro
929 1608 1034 1666 ciebat:
1050 1608 1095 1665 sic
1109 1604 1213 1665 debuit

194 1714 283 1774 agere
313 1695 366 1771 qui
390 1713 408 1753 a
437 1696 558 1754 furiosis
589 1695 729 1771 cupiebat
759 1696 879 1772 agnosci
908 1713 963 1753 nec
995 1696 1083 1753 aliter
1111 1697 1212 1771 potuit

157 1797 179 1838 ιι
194 1785 324 1861 exprimi
346 1786 444 1843 status
468 1784 692 1861 desipientium
720 1787 746 1845 si
770 1787 849 1843 enim
871 1784 935 1843 ulla
959 1786 1073 1843 sanitas
1097 1784 1212 1860 fuisset,

192 1874 282 1933 illum
306 1875 391 1932 etin
415 1874 502 1952 galea
526 1889 703 1953 cognoscere
726 1874 898 1933 debuerunt.
946 1878 976 1933 et
993 1874 1120 1949 proiecit
1136 1874 1211 1932 bene

192 1962 331 2021 additum
358 1966 417 2036 est,
447 1966 482 2022 ut
509 1963 697 2038 perturbatio
725 1963 875 2040 loquentis
907 1962 1014 2022 melius
1041 1964 1137 2039 possit
1160 1962 1210 2021 ad-

191 2054 285 2111 verti:
316 2052 399 2109 exuit
422 2052 539 2129 galeam
562 2057 593 2111 et
616 2052 696 2128 quod
718 2054 750 2110 in
774 2053 951 2128 spectaculis
974 2053 1099 2111 ornatus
1122 2069 1211 2111 causa

191 2139 318 2219 gerebat
344 2140 461 2199 abiecit.
507 2142 669 2201 accelerant
694 2143 784 2202 simui
806 2139 935 2210 Aeaeus,
963 2141 1053 2200 simul
1080 2143 1263 2215 apmimcic

142 2237 177 2286 ec
192 2231 356 2289 Tetarton:
378 2232 432 2306 qui
454 2249 530 2306 equo
549 2231 715 2290 vehebatur
732 2234 934 2307 praecesserat
952 2232 1128 2305 pernicitate
1148 2232 1210 2289 ani-

190 2319 281 2379 malis
299 2319 430 2392 adiutus,
453 2338 521 2379 mox
539 2323 641 2379 tamen
659 2319 777 2379 Aeneas
796 2322 827 2377 et
845 2320 936 2378 ceteri
960 2320 1110 2378 consecuti
1128 2320 1211 2394 sunt3

190 2408 290 2468 omnis
317 2409 398 2467 enim
427 2427 488 2467 una
518 2412 549 2468 et
581 2412 746 2469 communis
779 2410 935 2468 calamitas
966 2410 1110 2468 moverat.
1166 2412 1212 2467 ast

189 2499 263 2557 ilica
285 2498 404 2556 diversa
426 2502 504 2557 meta
522 2516 580 2572 per
597 2499 686 2557 iitorc
702 2501 821 2573 possim
839 2498 999 2574 diffupiont
1019 2497 1167 2570 siccaque
1186 2502 1212 2555 et

188 2587 287 2646 sicubi
318 2602 446 2646 concava
476 2588 581 2657 fartim
610 2605 686 2647 saca
712 2592 832 2662 petant:
863 2606 940 2663 quae
970 2585 1210 2664 obiurgationem

142 2691 174 2733 aa
190 2676 287 2735 solius
313 2674 427 2734 Ascani
458 2676 536 2735 ferre
569 2676 766 2753 nequiverant
798 2676 892 2735 multo
920 2678 1017 2753 magis
1050 2674 1211 2750 sperabant

190 2782 223 2824 se
238 2766 335 2840 ipsius
349 2759 467 2823 Aeneae
485 2765 748 2841 multitudinisqne
762 2766 963 2842 praesentiam
986 2766 1131 2823 sustinere
1150 2782 1210 2824 non

190 2871 293 2931 posse:
316 2852 440 2929 proinde
462 2855 612 2931 fugientes
635 2854 779 2930 petebant
801 2854 919 2913 diversa
937 2855 969 2912 in
988 2852 1097 2930 quibus
1115 2854 1210 2913 latere

190 2944 375 3018 potuissent,
403 2943 518 3002 scilicet
545 2946 600 3001 aut
627 2943 730 3002 abdita
753 2944 878 3003 litorum
902 2946 955 3002 aut
978 2961 1052 3002 cava
1071 2960 1209 3001 saxorum

191 3035 245 3091 aut
275 3032 420 3091 silvarum
443 3032 531 3091 devia
559 3035 612 3091 aut
638 3051 755 3092 summa
784 3033 932 3092 montium
964 3036 1018 3090 aut
1045 3032 1210 3109 longinqua

150 3138 177 3178 ae
190 3129 375 3197 camporum.
425 3124 507 3195 pipat
535 3124 642 3195 incepti
669 3121 814 3196 lucisque:
845 3120 1070 3194 erubescebant,
1102 3120 1210 3195 inquit,

190 3208 440 3285 reprehendentes
472 3211 555 3287 ipsae
590 3211 716 3270 consilia
746 3230 800 3269 sua
830 3213 860 3269 et
890 3210 1005 3269 factum
1035 3209 1211 3268 detestabile

190 3331 407 3341 ...—-.-—--

263 3402 280 3450 3
300 3396 526 3465 amentemqueit
549 3414 617 3451 corr.
637 3416 658 3451 r.
770 3403 786 3452 8
810 3399 935 3451 miseriae
952 3396 1005 3450 LR
1028 3413 1096 3449 corr.
1115 3414 1137 3450 r.

190 3475 206 3522 9
225 3472 352 3539 flammat
365 3467 417 3520 LR
435 3470 529 3522 uritur
547 3469 589 3522 ed.
650 3475 683 3523 13
703 3487 785 3539 quam
799 3468 850 3521 LR
865 3486 919 3537 quc
935 3468 978 3521 ed.
993 3469 1023 3521 et
1036 3468 1119 3536 Verg.
1134 3466 1209 3520 libri.

246 3545 280 3594 17
298 3539 469 3609 perturbatio
487 3539 539 3593 LR
553 3542 637 3609 paeri
655 3541 776 3595 imbutio
795 3539 838 3593 ed.
936 3543 969 3592 19
988 3540 1140 3593 accelerant
1158 3538 1212 3590 ΕΒ,

188 3618 250 3668 -rnt
268 3610 312 3665 ed.
328 3612 358 3664 et
370 3609 453 3680 Verg.
469 3609 535 3664 libri
555 3611 663 3679 optimi.
724 3616 757 3665 28
777 3628 862 3665 causa
880 3627 1010 3665 saxorum
1024 3609 1077 3663 LR
1095 3612 1139 3679 (ex
1157 3627 1211 3664 caia

186 3700 324 3741 aucarum
342 3680 516 3753 archetypii)
535 3700 604 3738 caca
621 3700 642 3737 s.
661 3701 676 3735 r
695 3683 737 3736 ed.
822 3687 855 3735 30
875 3683 1010 3751 lucrisque
1027 3681 1053 3735 R
1072 3697 1140 3735 cerr.
1159 3698 1182 3736 r.
1203 3681 1209 3750 l

185 3752 380 3813 embiacebant
398 3752 427 3806 L.
