2734 4159
213 318 282 404 500
496 314 952 372 conumeraremus.

211 486 418 567 suggerebant
435 504 515 561 arae,
539 505 579 544 er
591 485 784 546 interioribus
806 505 926 562 quoque
944 486 1081 562 partibus
1100 488 1241 550 incendia

215 575 385 653 rapiebant,
407 577 442 634 ut
464 574 569 634 futuro
592 574 699 634 sceleri
721 593 807 634 omne
831 594 924 654 genus
952 576 1113 636 criminum
1136 577 1240 657 iunge

215 667 308 726 retur.
352 664 489 739 iraeadem
516 682 552 724 oc
581 664 710 739 virgulio
734 664 869 739 facesque
896 666 1056 725 muniunt:
1084 669 1180 743 atque
1208 671 1241 727 ut

216 754 295 814 celer
317 755 437 814 sceleris
459 754 631 829 proveniret
659 753 796 828 effectus,
822 754 956 814 fomenta
978 755 1185 831 virgiutorum
1212 760 1244 816 et

216 843 369 904 frondium
392 842 601 922 congerebant,
625 861 702 917 quae
724 842 846 901 incensa
868 843 1008 902 arderent
1025 843 1116 903 facile
1140 848 1174 903 et
1197 846 1240 906 fa·
1262 866 1271 908 s

212 932 304 992 cilius
336 950 460 992 accensa
493 933 709 992 consumerent.
761 934 909 1007 quantum
936 935 1038 991 autem
1064 934 1184 993 malum
1207 955 1242 994 ex

217 1020 371 1082 frondibus
398 1024 490 1098 atque
514 1019 656 1099 virgultis
683 1020 831 1080 inflictum
853 1023 975 1097 repente
1003 1024 1043 1080 sit
1066 1024 1097 1081 et
1120 1026 1244 1092 mature

214 1110 406 1171 cumulatum
428 1111 585 1185 sequentes
603 1128 706 1171 versus
725 1109 899 1185 ostendunt3
923 1112 968 1169 ait
990 1111 1070 1169 enirn
1092 1112 1173 1184 furii
1195 1116 1240 1173 ie·

217 1201 316 1260 nimia
344 1199 495 1259 Vaicanus
522 1199 643 1258 bobonis
672 1202 804 1258 borotra
830 1218 888 1273 per
916 1204 942 1258 ei
967 1216 1062 1259 remos
1090 1205 1118 1260 et
1139 1204 1241 1276 pietas

217 1290 311 1350 abiete
326 1290 456 1364 puppis:
478 1287 676 1348 translatione
695 1306 766 1347 usus
785 1290 831 1347 est
848 1288 973 1348 dicendo
994 1289 1071 1347 furit
1083 1288 1241 1352 Vulcanus
1254 1312 1278 1353 u

217 1377 350 1438 inmissis
372 1377 510 1454 habenis3
534 1375 657 1454 aurigae
681 1375 769 1451 enim,
792 1380 828 1436 ut
852 1378 1015 1456 quadrigae
1033 1377 1242 1440 vehementius

220 1469 350 1540 currant,
363 1466 502 1526 relaxant
519 1466 619 1525 frenos
638 1467 669 1525 et
686 1465 818 1525 habenas
836 1467 1011 1526 remittunt:
1029 1468 1110 1546 ignis
1130 1472 1243 1546 autem,

218 1559 375 1631 tamquam
397 1556 582 1616 habenarum
609 1555 782 1614 laxamenta
811 1557 999 1632 sumpsisset,
1028 1555 1074 1615 ita
1096 1559 1246 1636 virgultis¹

220 1645 340 1704 adiutus
364 1647 395 1704 et
417 1644 573 1704 frondibus
597 1646 627 1702 et
649 1663 747 1703 remos
771 1646 929 1721 occupavit
948 1649 979 1704 et
996 1647 1131 1705 transtra
1150 1649 1247 1723 atque-

218 1734 300 1811 ipsas
322 1735 433 1811 puppis
455 1734 546 1810 plena
568 1734 680 1793 virtute
703 1733 844 1809 possedit.
1256 1756 1280 1800 ιι

167 1829 219 1879 coo
286 1822 420 1882 anb'us
433 1822 582 1883 Anchisae
600 1822 641 1881 ud
654 1823 800 1882 tumulum
813 1840 974 1897 emurque
986 1825 1092 1883 theatri
1104 1826 1244 1885 iucem

215 1912 329 1988 perfui
350 1914 437 1973 uocis
460 1912 604 1972 munau
632 1915 659 1972 et
685 1914 745 1985 ipsi
773 1914 936 1987 respiciunt
962 1917 1059 1972 meam
1085 1915 1121 1971 io
1142 1916 1245 1974 nimbo

220 2003 342 2062 volitem
364 2002 516 2075 facilium:
543 2001 621 2060 solet
642 2002 757 2059 nuntiis
780 2001 956 2077 plerumque
979 2021 1039 2060 non
1066 2002 1163 2076 credi,
1191 2003 1245 2064 sed

222 2090 303 2167 quod
325 2090 468 2152 Eumelus
491 2090 528 2149 de
550 2089 687 2149 incendio
710 2090 834 2149 navium
862 2090 979 2149 ffixerat
1005 2094 1069 2149 tam
1097 2092 1245 2152 credibile

221 2180 294 2254 fuit,
316 2185 352 2239 ut
374 2180 456 2257 quod
479 2179 603 2238 Troiani
631 2178 753 2239 auribus
783 2183 972 2256 sumpserant
999 2180 1093 2239 oouhs
1122 2180 1243 2241 criden·
1256 2202 1284 2244 ro

220 2270 336 2329 tissime
358 2269 545 2345 probaretur,
568 2287 636 2327 oum
659 2268 759 2335 fumus
782 2268 874 2327 nubes
897 2270 1009 2328 iaceret
1032 2270 1063 2328 et
1088 2289 1144 2345 per
1171 2289 1245 2329 aera

222 2359 328 2418 favilla
359 2359 495 2418 ferretur.
547 2359 667 2431 primus
700 2362 725 2416 ei
756 2356 916 2427 Maccius,
948 2376 1052 2418 corsus
1083 2363 1117 2417 ut
1148 2359 1246 2420 oeus

221 2450 361 2522 equestris
384 2447 518 2515 ducebat,
540 2448 583 2506 sic
605 2464 673 2505 acer
697 2463 768 2519 equo
791 2448 909 2506 turbato
931 2449 1038 2521 petiuit
1064 2452 1164 2507 eastra
1190 2467 1245 2509 nee

221 2540 385 2598 munimem
405 2539 534 2610 possenti
559 2537 683 2595 retinere
706 2538 857 2610 magistri:
889 2535 945 2595 etsi
968 2536 1065 2595 adhuc
1087 2556 1164 2612 puer
1186 2537 1244 2597 As·

221 2627 326 2685 canius
348 2624 421 2699 fuit,
444 2627 576 2685 senserat
598 2627 701 2683 tamen
723 2627 870 2700 quantum
892 2625 965 2683 mali
989 2628 1066 2685 esset
1089 2626 1244 2686 effeetumz
1258 2646 1282 2689 u

223 2735 281 2791 quo
309 2717 463 2791 permotus
488 2716 567 2790 ipse,
603 2713 675 2771 dum
706 2733 753 2773 res
784 2715 881 2773 laetas
914 2717 1017 2793 ageret
1044 2716 1074 2774 et
1105 2717 1245 2790 equestre

222 2807 373 2863 certarnen
397 2803 540 2881 agitaret,
569 2803 724 2862 advolavit
747 2803 791 2861 ita
819 2805 853 2861 ut
881 2823 957 2880 equo
980 2803 1164 2879 vehebatur,¹
1189 2824 1253 2869 neo

224 2912 291 2951 eum
304 2893 442 2971 magistri
461 2892 590 2970 agminis
609 2890 736 2950 retinere
756 2896 934 2968 potuerunt3
952 2893 1011 2952 fuit
1029 2895 1109 2951 enim
1123 2894 1245 2953 sceleris

173 2982 413 3041 stoinmanitate
437 2982 582 3040 exanimis
604 2980 747 3040 redditus.
793 2984 845 3055 qui
866 2977 953 3057 furor
975 2985 1028 3041 iste
1049 2984 1164 3041 meus?
1186 3001 1245 3056 quo

223 3088 311 3140 aomo,
333 3089 390 3145 quo
413 3071 550 3131 tenditis?
572 3072 676 3143 mccii.
721 3072 778 3129 beu
799 3073 924 3131 miserm
947 3074 1031 3140 uices
1053 3089 1113 3130 eoa
1135 3073 1246 3131 bostem
1259 3094 1286 3135 so

224 3162 400 3234 brimieoque
429 3162 527 3219 ousta
555 3158 714 3234 Arpinum,
746 3164 858 3219 oestrus
885 3178 951 3234 spes
979 3163 1083 3220 uritis:
1112 3161 1245 3220 invectio

225 3248 347 3308 inducta
370 3251 433 3308 sine
456 3250 626 3325 principiis3
656 3247 699 3307 sic
727 3249 805 3306 enim
833 3250 992 3325 procedere
1020 3250 1124 3309 debuit
1147 3250 1184 3308 ab
1209 3270 1245 3310 eo

297 3425 314 3472 4
332 3419 413 3474 sceler
430 3419 538 3473 sceleris
551 3418 603 3471 LR
621 3418 689 3473 celer
706 3435 741 3473 sc.
758 3418 780 3473 0
796 3435 846 3473 nos
865 3420 961 3475 meiere
973 3422 1080 3475 eaesis
1093 3420 1119 3474 U
1136 3422 1247 3477 sceleris

225 3490 252 3543 H
270 3490 314 3546 ed.
402 3494 417 3543 6
437 3507 565 3546 cremae
583 3488 636 3543 LR
659 3506 729 3543 corr.
750 3490 792 3544 ed.
884 3497 915 3545 11
938 3492 1079 3546 inmensus
1102 3491 1178 3547 infra
1200 3494 1246 3547 iee-

226 3562 325 3617 meusie
342 3560 404 3630 La,
423 3561 473 3616 sed
491 3561 571 3615 ad'v.
584 3566 634 3615 752
653 3562 730 3615 recte
748 3563 871 3617 inmissis
888 3562 948 3616 bR.
1013 3569 1046 3617 13
1064 3564 1106 3619 itu
1124 3563 1177 3618 LR
1195 3566 1247 3620 cdl

218 3634 251 3689 in
271 3632 346 3691 edis
363 3650 418 3690 om.
439 3632 482 3690 od.
501 3633 576 3707 poet.
640 3638 674 3686 24
693 3633 747 3686 boe
765 3633 818 3687 LR
836 3636 927 3689 edituo
945 3651 1013 3689 corr.
1034 3635 1077 3688 ed.
1143 3641 1177 3689 29
1196 3639 1248 3705 qui

205 3705 265 3764 ΕΒ
281 3710 352 3782 quib
369 3708 416 3767 ed.
438 3709 467 3767 et
487 3708 576 3784 Verg.
593 3705 674 3764 iibri.
745 3710 782 3759 Ὦ
800 3705 895 3761 aba
910 3706 980 3759 sier
995 3706 1041 3759 ed.
1070 3743 1072 3749 -
