2734 4159
153 354 220 420 486
435 352 575 408 DONATI
592 352 763 411 mutarit
781 352 890 407 Vnae.

153 525 288 599 tonyacoi
300 525 353 583 boc
369 540 478 581 munus
494 523 622 591 habebis,
645 526 760 582 cratera
777 524 945 596 inpressum
961 522 1065 597 cepoe,
1088 538 1171 595 quem

154 613 299 673 thracius
321 613 391 671 otim
411 609 558 671 Anchisae
578 614 704 686 petitori
726 614 760 670 in
781 628 887 686 mayaco
912 629 1033 671 memore
1055 609 1171 670 Cisseus

151 703 230 775 ferre
242 704 292 761 eci
310 701 430 761 dederat
446 705 664 760 mocmnentuon
678 704 705 759 ct
712 702 824 775 pipam
839 702 964 760 amoro.-
980 700 1047 773 hoc,
1062 700 1169 775 inquit,

152 809 260 850 munus
280 790 360 866 apud
378 793 408 849 te
427 789 595 860 debetesse
614 791 817 865 praecipuum,
841 788 921 865 quod
944 788 1041 849 amico
1064 790 1119 847 tuo
1142 791 1171 847 et

153 897 304 956 aequaevo
341 878 490 939 Anchisae
526 879 605 938 inter
641 898 751 955 magna
782 897 907 937 munera
943 877 1203 955 praeferendume

153 966 271 1028 Cisseus
303 969 430 1047 largitor
463 971 494 1027 et
525 968 608 1027 dives
643 968 722 1027 dono
752 967 928 1045 contulerat.
980 969 1098 1025 cratera
1126 965 1169 1024 in·

151 1075 286 1133 pressum
308 1058 414 1137 siguis,
436 1058 494 1117 hoo
516 1060 562 1116 est
584 1059 748 1133 pretiosum
771 1060 835 1116 arte
859 1058 890 1116 et
912 1056 1051 1133 pondere.
1098 1074 1169 1131 pon·

152 1145 231 1205 deris
255 1146 375 1223 quidem
398 1149 489 1223 poeta
511 1166 570 1205 non
593 1147 744 1220 meminit,
772 1145 822 1205 sed
850 1145 980 1211 dicendo,
1001 1147 1171 1221 inpressum

152 1234 246 1313 signis
270 1238 362 1296 etiem
384 1235 501 1313 pondus
523 1235 643 1295 videtur
664 1235 813 1313 tetigisse,
843 1236 986 1311 quoniam
1008 1236 1103 1313 signis
1126 1235 1170 1292 in-

150 1325 244 1400 primi
266 1345 325 1385 non
348 1328 449 1402 potest
471 1326 530 1384 nisi
553 1326 633 1401 quod
651 1325 744 1384 fuerit
761 1324 960 1400 ponderosum
979 1324 1204 1387 etvalidum.1o

152 1413 233 1488 quod
256 1415 351 1494 igitur
373 1418 486 1474 amicus
504 1414 661 1491 religiosus
681 1415 777 1473 amieo
796 1412 949 1472 carissimo
968 1412 1097 1472 contulit
1115 1413 1171 1471 hoc

150 1500 267 1563 Aeneas
290 1503 408 1563 Acestis
435 1502 500 1562 fieri
527 1502 722 1562 libentissime
749 1502 858 1577 voluit,
888 1522 976 1577 quem
1004 1501 1171 1578 appellavit

151 1593 268 1668 patrem
292 1612 326 1652 eo
350 1592 483 1667 adfectu,
512 1592 599 1666 quasi
622 1592 734 1665 species
756 1592 811 1651 iila
834 1592 987 1651 dominum
1010 1610 1070 1649 non
1094 1593 1172 1649 esset

98 1682 322 1739 ttomutatnra.
379 1683 422 1740 sic
453 1683 535 1754 totus
566 1681 657 1754 cieqtt
687 1681 831 1740 etrtdaott
864 1685 994 1755 tempora
1026 1681 1114 1738 locro
1147 1684 1172 1739 ct

145 1770 281 1843 emmam
304 1774 372 1829 onte
399 1772 493 1828 omnis
520 1770 656 1827 victorem
683 1770 813 1842 appellat
834 1767 974 1830 Acesten:
1002 1768 1084 1844 quod
1112 1769 1171 1828 fuit
1184 1791 1207 1833 ro

149 1857 268 1937 insigne
287 1860 441 1932 victoriae,
459 1858 634 1934 postpositis
654 1860 705 1934 qui
723 1859 840 1918 ratione
859 1862 1011 1937 gestorum
1025 1858 1171 1933 praeponi

151 1946 322 2007 debuissent
358 1949 503 2007 victorem
539 1946 667 2006 Acesten
708 1949 925 2023 pronuntiavit.
988 1964 1041 2007 ccc
1078 1948 1172 2006 bonus

150 2036 299 2112 Eurytion
316 2037 452 2110 mactato
474 2036 582 2095 invidit
599 2038 712 2105 honori,
734 2039 869 2110 quamuis
890 2037 971 2096 sotus
990 2053 1073 2095 ocem
1091 2037 1171 2096 caelo

151 2125 253 2185 deiecit
275 2126 313 2185 ab
336 2126 413 2184 alto:
439 2143 493 2185 neo
515 2125 626 2184 invidit
647 2126 743 2184 bonus
767 2125 916 2202 Eurytion
943 2127 1086 2184 honorem
1110 2126 1172 2184 vic·

150 2214 247 2273 toriae
271 2214 329 2275 sibi
347 2214 483 2283 debitum
506 2214 544 2272 ad
563 2214 691 2273 Acesten
709 2214 828 2273 Aeneae
852 2215 963 2274 iudicio
987 2233 1049 2274 esse
1073 2217 1172 2273 trans·
1185 2237 1209 2278 so

150 2303 262 2380 latum,
286 2305 385 2362 solum
399 2305 480 2362 enim
493 2303 635 2362 honorem
648 2305 804 2379 primatus,
824 2323 883 2363 non
897 2304 988 2363 etiam
1002 2303 1172 2380 praemium

151 2392 190 2450 ab
214 2411 248 2451 eo
273 2392 430 2452 constabat
457 2395 623 2451 avocatum.
664 2396 820 2466 proximas
843 2394 1016 2467 increditur,
1044 2393 1102 2451 hoc
1126 2396 1173 2453 est

152 2481 191 2540 ad
214 2481 418 2557 accipiendum
440 2484 607 2557 praemium
631 2481 775 2556 succedit,
803 2482 901 2550 decis,
929 2484 963 2539 ut
987 2481 1099 2540 donum
1123 2500 1171 2541 su·

150 2572 254 2645 meret,
277 2574 328 2644 qui
345 2571 466 2630 vinculo
485 2573 581 2645 carpit:
604 2590 663 2629 non
687 2572 773 2630 donis
796 2570 973 2647 ingreditur,
997 2571 1048 2629 sed
1071 2572 1171 2649 ingre-

150 2659 233 2718 ditur
250 2659 282 2717 id
301 2663 347 2719 est
366 2660 546 2719 ambulando
565 2660 710 2734 succedit,
733 2662 768 2719 ut
786 2660 864 2718 dona
887 2662 1046 2735 percipiat,
1077 2680 1170 2736 quon·
1184 2682 1207 2723 re

149 2749 212 2806 iam
233 2750 297 2825 ipse
320 2752 443 2826 ruperat
465 2749 597 2823 nucula,
625 2749 733 2826 quibus
757 2750 822 2807 avis
845 2768 990 2824 suspensa
1012 2748 1171 2825 pendebat.

149 2841 293 2897 ectromate
319 2838 433 2898 cubent
459 2840 510 2912 qui
536 2840 602 2910 licit
629 2838 796 2897 tormidine
819 2839 947 2897 matwm:
978 2838 1171 2914 Hippocoon-

149 2928 211 2986 tem
234 2926 319 2986 dixit.

96 3017 149 3067 545
218 3014 262 3074 At
277 3020 367 3089 poter
385 3013 501 3075 Aeneas
514 3017 646 3075 nondum
660 3018 817 3075 creamine
840 3018 941 3085 ratem,
970 3017 1062 3075 idest
1087 3021 1170 3077 ante·

151 3124 241 3179 quam
259 3108 410 3164 certamen
429 3106 563 3181 equitum
578 3106 758 3179 mitteretur,
781 3106 925 3164 custodem
945 3107 985 3166 od
1002 3124 1063 3165 sese
1082 3111 1170 3167 comi·
1184 3132 1207 3173 so

149 3198 261 3266 tomum
291 3194 413 3267 inpubis
442 3194 506 3253 Iuli
536 3194 687 3268 Epytiden
714 3198 811 3253 coeat:
850 3194 926 3253 dixit
963 3215 1085 3255 causam
1117 3216 1172 3256 our

148 3280 296 3343 Ascanius
318 3282 472 3343 habuisset
494 3283 634 3343 comitem
658 3285 748 3358 etque
772 3283 937 3343 custodem:
960 3285 1100 3361 inpubes,
1124 3289 1170 3345 in·

222 3529 236 3577 1
260 3526 365 3595 Quem
387 3542 438 3594 quc
460 3524 489 3578 L.
568 3531 584 3577 3
607 3524 804 3579 montowotmn
827 3524 852 3577 R
875 3543 894 3579 u
918 3543 1054 3597 superscr.
1074 3546 1095 3581 r.

149 3600 182 3648 12
202 3596 333 3651 aoeatiah
352 3597 436 3651 ucesti
449 3595 474 3648 R
488 3595 531 3649 ed.
595 3600 628 3649 18
647 3597 745 3649 eurico
763 3595 837 3650 infre
855 3600 962 3668 erytioa
976 3597 1006 3651 L.
1070 3605 1102 3652 27
1124 3618 1171 3655 ex·

147 3672 232 3721 terno
251 3667 294 3721 ed.
325 3669 330 3739 Ι
364 3669 442 3722 volco
459 3667 490 3721 L.
563 3672 598 3721 30
616 3666 738 3721 camitem
757 3666 818 3721 sine
836 3685 886 3738 que
905 3669 963 3723 hit.
1043 3676 1076 3723 32
1096 3672 1172 3728 bunc

137 3738 287 3803 dautem
304 3740 348 3795 ed.
374 3741 379 3811 Ι
408 3739 524 3810 inpubes
542 3738 563 3792 L
582 3739 637 3793 -bie
654 3735 687 3790 a.
