2734 4159
475 380 481 393 ,
577 329 827 417 uuunosr
1136 330 1203 395 soe

181 502 309 561 vitiosos
332 502 364 560 et
385 498 507 560 timidos
529 499 586 559 hoo
613 500 720 574 sensit,
749 502 785 559 nt
811 500 903 560 fort—es
930 501 988 560 soli
1015 498 1203 574 ducerentur,

182 608 302 650 rursum
330 591 383 665 qui
410 587 488 652 dixit
514 587 607 648 leotos
633 588 755 648 iuvenes
783 608 846 649 esse
874 588 1046 668 deligendos
1070 592 1100 650 et
1122 590 1203 650 solos

182 677 221 737 ad
242 677 365 738 Italiam
387 676 536 738 duoendos
558 678 663 754 procul
687 676 779 737 dnbio
802 678 933 755 quidde
956 677 1114 739 inutilibus
1137 698 1202 740 sen-

182 770 271 830 sisset
303 768 441 828 ostendit.
493 785 565 846 ergo
597 767 722 843 pulchra
753 767 941 843 loquentium
973 769 1118 843 varietas,
1149 769 1202 829 sed

155 858 285 917 stamen
307 876 370 917 una
396 857 555 916 sententia.
600 855 707 931 incipit
733 858 880 916 rationem
907 860 1061 932 praestare
1084 858 1202 918 oonsilii

182 948 240 1020 sui,
263 946 344 1022 quod
366 947 467 1006 estin
489 944 732 1021 persuasionibus
751 964 912 1020 summum3
936 947 979 1006 sio
997 946 1077 1006 enim
1094 947 1202 1007 melior

182 1036 310 1095 effoetus¹
328 1036 477 1112 provenit,
500 1036 527 1095 si
549 1034 670 1094 auditor
693 1035 880 1095 commodum
902 1036 1058 1111 proprium
1079 1037 1112 1094 in
1134 1037 1201 1112 ipsa

182 1124 389 1200 disputatione
412 1124 596 1201 persuasoris
615 1124 762 1184 advertat.
800 1139 880 1199 persa
903 1126 1012 1201 inquit,
1035 1125 1122 1193 duro,
1145 1126 1201 1185 hoe

183 1215 311 1273 naturae
330 1217 384 1288 est,
403 1218 488 1289 atque
506 1231 613 1287 aspera
631 1214 721 1287 etrite,
739 1214 795 1274 hoo
812 1232 943 1288 morum,¹
957 1214 1131 1274 debellando
1149 1215 1202 1274 tibi

144 1322 170 1361 ro
184 1304 275 1363 Latio
298 1304 407 1363 settin
431 1303 618 1379 expressione
642 1305 768 1362 naturae
791 1301 887 1362 Italae
910 1304 1008 1379 gentis
1032 1305 1063 1361 et
1084 1322 1203 1364 morum

183 1392 322 1452 nonnihil
344 1394 445 1467 potuit
468 1410 531 1452 esse
549 1394 681 1465 terroris,
700 1391 752 1451 sed
775 1391 871 1451 reficit
889 1392 1059 1452 audientem
1077 1391 1202 1452 dicendo

184 1480 363 1541 debellanda
376 1482 434 1540 tibi
448 1483 505 1554 est3
529 1481 661 1541 ostendit
679 1481 790 1557 quippe
804 1481 938 1540 futuram
957 1500 1020 1541 esse
1034 1483 1201 1542 victoriam.

183 1570 286 1644 Italia,
302 1568 411 1646 inquit
430 1569 542 1631 ferooos
560 1571 688 1647 populos
707 1569 806 1644 habet,
825 1569 975 1631 domanda
992 1570 1050 1629 tibi
1069 1574 1114 1630 est
1127 1569 1201 1630 duro

184 1659 325 1718 oonfliotu
347 1658 504 1733 bellorum,
526 1659 614 1719 fortis
637 1678 673 1719 eo
697 1659 831 1719 duoonda
855 1662 900 1722 est
921 1660 1065 1720 iuvenum
1086 1678 1206 1735 manus,

144 1766 169 1807 ro
183 1748 342 1825 superfluis
365 1748 438 1825 quid
461 1766 536 1825 opus
558 1751 605 1808 est
626 1751 807 1827 pugnaturo,
831 1750 884 1826 qui
906 1767 961 1808 neo
983 1748 1040 1809 sibi
1062 1748 1202 1825 prodesse

183 1855 238 1897 neo
265 1839 326 1897 tuis
354 1838 517 1897 eommodis
549 1836 684 1914 possint?
718 1837 893 1897 confirmata
924 1837 969 1896 fili
996 1840 1145 1900 sententia
1172 1842 1203 1897 et

182 1927 306 1987 remotis
325 1925 463 1986 omnibus
482 1946 559 2003 quae
578 1928 739 2005 cogitantis
763 1928 897 1986 animum
920 1927 1127 1990 distrahebant
1149 1927 1202 1987 dat

182 2015 246 2076 fflio
269 2016 422 2091 mandata,
444 2017 480 2074 ut
502 2017 591 2076 sciret
614 2035 691 2091 quae
714 2018 813 2076 essent
835 2015 968 2076 ourands
991 2019 1022 2075 et
1040 2020 1203 2093 antequam

182 2105 310 2164 videret
323 2104 460 2164 Italiam:
489 2105 570 2164 Ditis
592 2109 690 2165 temere
713 2110 780 2165 arete
802 2107 937 2179 infernos
964 2106 1065 2167 orode
1088 2106 1203 2166 domos:

140 2212 170 2252 ao
184 2212 255 2252 eece·
279 2213 374 2252 unum
400 2194 588 2270 inpossibile,
620 2195 738 2255 addidit
767 2199 793 2254 et
819 2192 941 2255 Arena
963 2213 1021 2268 per
1048 2196 1110 2256 otto
1136 2213 1203 2255 eon-

179 2300 301 2357 pressos
327 2287 407 2356 pete,
437 2288 519 2351 reate,
550 2301 646 2352 meos,
674 2284 788 2344 soilioet
821 2283 900 2360 quod
934 2283 1086 2344 evidenter
1115 2286 1201 2345 vivus

182 2372 299 2448 inplere
326 2391 387 2432 non
413 2375 523 2448 posset.
569 2374 625 2433 hoo
651 2373 717 2433 loeo
747 2376 837 2450 poeta
864 2375 1016 2434 mortuum
1044 2373 1118 2433 dioit
1140 2374 1203 2432 An·

183 2460 286 2524 obisen
308 2464 340 2519 et
363 2460 444 2537 apud
470 2461 582 2523 inferos
609 2462 729 2540 degere,
757 2480 845 2537 quem
873 2481 964 2538 supra
987 2483 1002 2521 e
1025 2463 1101 2522 oaeli
1123 2465 1202 2541 regi-

183 2549 291 2610 onibus
315 2550 448 2610 adseruit
470 2550 596 2627 lapsum.
642 2551 694 2611 sed
716 2551 792 2611 illud
809 2570 864 2627 pro
882 2571 1010 2628 persona
1027 2550 1202 2613 dormientis

140 2657 169 2699 ao
184 2638 304 2700 Aeneae
326 2639 400 2698 bene
424 2639 538 2700 dietum
561 2642 614 2714 est,
637 2640 718 2716 quod
737 2641 773 2700 de
794 2640 876 2700 eaelo
895 2641 1026 2701 venisset
1043 2640 1201 2716 Anohises3

183 2728 241 2788 hoo
268 2729 347 2788 enim
370 2731 467 2788 visum
498 2731 543 2788 est
572 2731 713 2806 soporato
744 2733 774 2789 et
803 2733 849 2789 est
876 2730 983 2790 duetus
1014 2750 1112 2791 erroro
1135 2731 1202 2792 dor-

184 2819 318 2876 mientis:
342 2817 406 2894 ipse
423 2819 521 2877 tamen
541 2822 694 2877 mortuum
707 2838 738 2878 se
754 2818 894 2895 adseruit,
913 2839 950 2880 ne
964 2819 1083 2879 falleret
1097 2820 1211 2895 filiurn,-

185 2906 237 2982 qui
265 2906 368 2965 debuit
390 2908 469 2966 voris
495 2908 749 2967 insinuationibus
778 2907 901 2967 edooeri.
948 2912 1049 2968 tamen
1076 2910 1108 2968 in
1135 2911 1202 2985 ipsa

185 2997 281 3054 morte
314 2995 435 3055 additur
461 2996 625 3072 plurimum
651 2998 768 3057 meritis
801 2999 874 3072 eius,
906 3017 975 3056 oum
1002 2997 1113 3057 dieitur
1143 3016 1203 3058 reort

141 3104 170 3145 oo
184 3103 230 3144 me
259 3087 345 3158 inpio
372 3104 499 3159 nomque
530 3086 661 3146 Tartara
689 3081 795 3147 bobert
826 3089 955 3147 tristesoe
986 3088 1120 3155 umbrae,
1152 3089 1204 3147 sed
1274 3160 1277 3166 Ι

185 3216 400 3225 ..φ---υμ-

259 3296 272 3343 1
292 3292 376 3345 sensit
393 3290 446 3345 LR
462 3293 528 3359 feeit
546 3292 590 3346 ed.
687 3299 702 3344 3
722 3293 756 3347 cte
773 3293 921 3347 inutilibus
938 3293 963 3346 R
981 3294 1046 3347 deire
1063 3294 1163 3348 utilius
1180 3293 1202 3346 b

184 3363 284 3417 attritos
302 3362 345 3415 ed.
437 3368 452 3415 7
471 3364 583 3431 inipso
602 3363 654 3417 RO
674 3366 705 3417 r'rt
723 3365 766 3418 bis
784 3364 823 3417 ed
840 3364 861 3416 L
881 3365 912 3417 r'rt
930 3365 973 3419 bis
991 3383 1010 3418 o
1028 3363 1085 3418 HU
1104 3363 1147 3418 ed.

185 3438 275 3488 s-10
294 3434 345 3487 troi
363 3435 486 3489 latiorem
505 3435 557 3487 LR
576 3452 643 3489 eorr.
663 3453 685 3489 r.
769 3440 802 3488 12
822 3436 873 3489 tt'bt‘
890 3440 930 3490 est
947 3435 1000 3489 LR
1023 3442 1062 3490 est
1083 3452 1137 3489 om.
1158 3436 1201 3491 ed.

242 3509 274 3559 1'1
294 3506 466 3559 distractast
483 3506 508 3558 R
527 3522 595 3561 oorr.
610 3524 625 3559 r
639 3534 672 3554 =
688 3506 717 3561 L.
783 3511 816 3560 19
835 3508 989 3561 aceedomos
1006 3507 1039 3561 R.
1104 3513 1138 3561 26
1156 3524 1201 3570 err·

180 3582 281 3647 pereto
299 3576 352 3629 LR
370 3577 413 3630 ed.
432 3585 560 3647 soporato
577 3596 592 3631 1
609 3595 668 3633 nos.
704 3580 708 3647 Ι
742 3583 781 3633 est
799 3578 893 3632 ductos
911 3577 964 3631 LR
982 3585 1021 3634 est
1038 3580 1136 3633 duetus
1155 3583 1202 3649 (an

184 3654 225 3703 eet
242 3647 374 3714 distorti)
392 3665 443 3702 nos
461 3650 571 3705 seducto
589 3649 632 3704 ed.
721 3654 754 3702 30
770 3652 904 3718 priscasve
922 3650 943 3702 L
960 3651 1091 3718 pristesoe
1109 3649 1134 3703 R
1152 3652 1201 3706 tri·

183 3726 268 3775 aterve
286 3736 301 3772 r
320 3720 461 3789 tristesque
479 3721 523 3774 ed.
836 3770 840 3777 .
