2734 4159
589 333 772 390 anuumos
790 334 829 389 ΙΠ
1155 334 1220 399 347

197 505 330 579 offerret,
350 506 414 564 sinc
432 503 523 564 dubio
541 504 636 565 hostis
654 504 790 563 hostibus
809 504 879 563 suis.
916 506 1016 563 onmia
1035 506 1220 565 commemores

197 596 277 654 bomo
284 596 420 668 primum
439 587 479 653 ud
496 594 584 653 litora
602 595 724 653 classem
742 596 878 667 conspexi
894 595 1061 661 omimium,
1080 594 1149 653 huic
1165 612 1221 665 uae,

197 701 397 757 quaecamque
422 685 540 757 fuisset,
567 683 686 742 addici:
716 685 790 742 actis
818 687 859 741 esi
879 686 991 756 pectem
1014 684 1149 756 effups'cse
1170 702 1220 743 ue

197 772 334 846 fandum.
370 789 422 830 coa
442 774 576 831 unimam
592 773 669 831 tuuc
681 774 783 845 potius
801 789 978 845 quocumque
997 772 1140 830 absumite
1157 773 1219 831 leto.

170 880 268 922 scum
296 863 410 934 omnia,
437 860 550 936 inquit,
578 861 763 920 attenderem
792 860 936 920 evadendi
961 860 1106 920 auxilium
1129 879 1219 935 quae·

197 969 281 1025 rens,
309 950 405 1010 solam
432 951 522 1009 istam
550 951 674 1009 classem
702 950 790 1009 huius
816 951 947 1027 regionis
969 950 1061 1009 litora
1083 949 1219 1025 tetigisse

198 1039 348 1118 conspexi,
363 1057 439 1114 quae
457 1056 574 1115 semper
591 1043 715 1115 propter
732 1039 906 1098 inevitabile
922 1038 1086 1114 Cyclopum
1104 1039 1219 1097 malum

198 1145 302 1187 omues
329 1128 477 1206 fugerunt
525 1131 555 1187 et
582 1129 656 1204 quia
684 1129 799 1187 nullam
827 1127 984 1204 sperabam
1014 1127 1120 1186 dehinc
1150 1146 1217 1202 pro-

197 1220 356 1277 venturam
371 1218 564 1291 occasionem,
579 1217 680 1276 addixi
694 1236 816 1276 menon
831 1217 1019 1276 considerans
1036 1236 1112 1292 quae
1131 1219 1217 1276 esset.

158 1327 185 1366 ro
198 1306 273 1382 quid
291 1307 371 1364 enim
389 1310 552 1365 metuerem
570 1307 705 1366 homines
726 1306 890 1382 Cyclopum
908 1305 1044 1365 manibus
1065 1309 1117 1364 aut
1140 1306 1217 1364 fera·

197 1414 267 1454 rum
288 1396 416 1455 saevitia
435 1396 569 1472 quolibet
587 1399 721 1471 tempore
739 1397 898 1471 periturus,
918 1396 1091 1453 existimans
1110 1394 1217 1454 melius

198 1503 270 1559 csse,
294 1486 322 1542 si
343 1484 499 1542 homiuum
517 1484 654 1544 manibus
672 1482 847 1542 interirem?
872 1486 944 1559 quia
961 1484 1056 1561 igitur
1073 1484 1129 1542 hoc
1149 1501 1219 1559 con·¹

197 1574 266 1632 silio
290 1573 404 1632 advos
427 1574 505 1647 veni,
529 1592 590 1649 qua
612 1574 704 1632 vultis
728 1592 775 1632 me
798 1592 895 1649 poena
918 1575 1090 1634 consumite.

271 1663 329 1722 Via
351 1665 489 1737 ecfatus
512 1667 588 1731 crat,
612 1680 726 1721 summo
749 1681 815 1722 mem
838 1667 933 1722 moute
954 1664 1087 1722 uidemus
1109 1664 1270 1735 ipsumam

158 1772 182 1811 u
195 1753 274 1811 mter
285 1752 413 1825 pecudes
431 1756 516 1811 occu
533 1770 564 1811 sc
576 1753 651 1810 uiola
664 1756 823 1811 moocutcm
832 1757 981 1825 pastorem
994 1752 1217 1826 Polyphemum:

196 1843 312 1914 statim,
330 1842 438 1916 inquit,
457 1843 491 1899 ut
509 1840 744 1900 Achaemenides
762 1842 919 1901 relationis
942 1859 1014 1899 suae
1037 1840 1128 1900 verba
1148 1859 1215 1899 con-

196 1931 300 2005 clusit,
334 1947 399 1989 ecce
430 1930 495 2005 ipse
527 1930 612 1988 nobis
644 1930 847 2006 Polyphemus
884 1932 1028 2006 apparuit
1060 1949 1151 2007 agens
1184 1930 1217 1988 in

195 2017 349 2078 montibus
376 2036 484 2095 pecora
512 2024 542 2078 et
570 2019 607 2077 ad
635 2023 708 2078 nota
735 2019 827 2078 litora
854 2021 967 2077 faciens
996 2037 1121 2095 gressus.
1168 2038 1216 2077 ex-

194 2108 368 2184 ponendum
390 2109 449 2166 fuit
473 2108 621 2183 quomodo
644 2110 744 2184 potuit
771 2108 872 2167 venire
900 2110 1045 2167 caecatus.
1091 2110 1216 2166 noverat

154 2216 181 2257 ao
193 2198 279 2271 haec,
301 2198 411 2272 inquit,
430 2201 591 2274 antequam
610 2199 711 2255 lumen
731 2198 887 2272 amisisset,
907 2198 1036 2272 denique
1054 2196 1096 2256 sic
1114 2198 1216 2272 posuit

194 2291 222 2345 et
253 2287 343 2345 litora
373 2290 443 2345 uota
468 2291 619 2360 petentem.
665 2291 828 2345 monstrum
858 2287 1049 2354 bomeudum,
1080 2288 1215 2359 informe,

192 2378 313 2450 mperes:
348 2374 479 2434 vidimus
516 2378 683 2434 monstrum
720 2377 752 2433 in
789 2394 848 2450 quo
881 2393 982 2433 errans
1014 2378 1123 2434 natura
1155 2395 1215 2435 non

191 2466 295 2523 tenuit
325 2466 607 2540 temperamentum
644 2485 714 2523 nam
747 2463 805 2522 fuit
834 2464 1015 2523 horrendum
1044 2467 1073 2522 et
1100 2465 1215 2523 formae

190 2551 335 2631 ingentis.
372 2556 420 2612 cui
442 2555 540 2613 lumem
563 2555 739 2627 ademptum,
763 2558 873 2611 trumo.
890 2572 1012 2613 muuum
1029 2557 1123 2626 pmus
1141 2556 1216 2629 mpii

148 2662 176 2703 ac
192 2647 222 2702 et
253 2644 376 2717 ccctipe'u
407 2645 522 2715 firmat:
557 2644 645 2701 huius
678 2661 795 2721 gressus
827 2644 934 2701 trunca
965 2644 1054 2718 pinus
1091 2643 1215 2721 regebat

193 2732 315 2790 abscisa
338 2734 428 2807 atque
452 2733 617 2807 amputatis
640 2734 741 2807 ramis,
759 2733 816 2792 hoc
839 2735 885 2791 est
908 2732 997 2792 arbor
1020 2733 1085 2808 pini
1109 2735 1137 2791 ei
1159 2751 1213 2809 pro

191 2821 303 2880 baculo
336 2820 408 2894 fuit,
440 2840 516 2897 quae
548 2825 649 2897 posset
680 2822 808 2880 informe
840 2821 970 2882 hominis
998 2823 1079 2880 caeci
1106 2840 1212 2897 corpus

190 2910 312 2988 ingenti
339 2909 516 2968 fortitudine
543 2930 644 2987 regere
673 2930 708 2971 ac
735 2912 890 2970 sustinere.
936 2913 1086 2985 lumperae
1118 2914 1204 2970 comi·
1214 2914 1268 2963 660

190 3002 298 3058 tumim
320 3016 394 3066 oues,
418 3017 452 3059 ca
474 3000 538 3058 solu
560 3000 695 3073 uoluptas
713 3002 898 3074 solamenque
915 3002 1002 3060 muli:
1025 3001 1212 3075 voluptatem

142 3110 174 3151 so
191 3108 230 3147 ex
255 3088 435 3147 animalibus
459 3087 574 3162 habuit,
593 3107 661 3147 cum
686 3090 808 3165 videret,
828 3093 964 3149 caecatus
982 3108 1052 3149 vero
1072 3099 1213 3165 pecorum

267 3299 283 3345 2
298 3295 375 3362 prim
393 3293 446 3345 LR
460 3295 584 3364 primum
602 3302 739 3362 rpurtcm
758 3294 801 3349 ed.
883 3301 899 3346 4
919 3312 1023 3364 quoque
1041 3294 1066 3347 R
1085 3311 1212 3362 quocum·

189 3383 284 3435 quer.
341 3366 544 3432 buuccc'umpue
563 3365 588 3417 a
606 3366 745 3419 auxilium
762 3384 784 3419 r.
846 3370 860 3419 6
881 3369 1008 3436 tetipiaset
1025 3365 1051 3418 R
1070 3382 1138 3419 corr.
1153 3383 1174 3419 r.

191 3442 208 3489 7
228 3453 300 3505 quae
319 3436 372 3488 LR
390 3438 463 3504 quod
482 3437 524 3489 ed.
581 3442 597 3489 8
615 3437 760 3506 tupieruut
777 3437 830 3490 LR
844 3437 886 3489 ed.
901 3438 1032 3508 superum
1049 3454 1064 3489 r
1080 3438 1213 3506 superum

187 3508 235 3561 ed.
257 3508 330 3576 post.
387 3514 418 3561 11
435 3509 574 3575 petiturus
588 3506 640 3559 LR
656 3509 799 3576 periimus
816 3509 887 3561 red.
945 3514 977 3561 12
997 3509 1084 3577 ipitur
1102 3508 1210 3562 omed.

248 3584 282 3632 22
305 3595 388 3633 creua
411 3579 462 3631 LR
484 3594 582 3633 emaus
609 3595 672 3631 oum
699 3595 802 3647 quaere
829 3579 859 3632 in
886 3597 974 3650 marg.
998 3578 1023 3631 r‘
1054 3596 1106 3633 om.
1131 3579 1174 3631 ed.

186 3657 226 3705 24
246 3667 361 3705 muuum
379 3649 431 3702 LR
451 3650 633 3703 confirmatur
651 3649 897 3721 interpretatione.
978 3657 1018 3705 ‘ab
1036 3651 1165 3705 abscisso
1180 3649 1232 3701 ab.

244 3726 280 3773 27
297 3722 327 3773 iu
341 3723 436 3785 formu
452 3721 506 3773 Mi
525 3721 568 3775 ed.
590 3723 714 3791 informe
733 3724 764 3781 r'.
