<?xml version="1.0" encoding="UTF-8"?>
<!DOCTYPE html PUBLIC "-//W3C//DTD XHTML 1.0 Transitional//EN"
    "http://www.w3.org/TR/xhtml1/DTD/xhtml1-transitional.dtd">
<html xmlns="http://www.w3.org/1999/xhtml" xml:lang="en" lang="en">
 <head>
  <title>
</title>
<meta http-equiv="Content-Type" content="text/html;charset=utf-8" />
  <meta name='ocr-system' content='tesseract 3.04.00' />
  <meta name='ocr-capabilities' content='ocr_page ocr_carea ocr_par ocr_line ocrx_word'/>
</head>
<body>
  <div class='ocr_page' id='page_1' title='image "./tibericlaudidon02georgoog_0036.png"; bbox 0 0 2734 4159; ppageno 0'>
   <div class='ocr_carea' id='block_1_1' title="bbox 567 339 1182 397">
    <p class='ocr_par' dir='ltr' id='par_1_1' title="bbox 567 339 1182 397">
     <span class='ocr_line' id='line_1_1' title="bbox 567 339 1182 397; baseline -0.002 0"><span class='ocrx_word' id='word_1_1' title='bbox 567 339 776 397; x_wconf 72' lang='lat' dir='ltr'><strong>PRAEFATIO</strong></span> <span class='ocrx_word' id='word_1_2' title='bbox 1065 341 1182 396; x_wconf 85' lang='lat' dir='ltr'>XXXIII</span> 
     </span>
    </p>
   </div>
   <div class='ocr_carea' id='block_1_2' title="bbox 156 510 1182 1997">
    <p class='ocr_par' dir='ltr' id='par_1_2' title="bbox 156 510 1182 1997">
     <span class='ocr_line' id='line_1_2' title="bbox 160 510 1182 589; baseline 0.001 -20"><span class='ocrx_word' id='word_1_3' title='bbox 160 530 220 586; x_wconf 91' lang='lat' dir='ltr'>qne</span> <span class='ocrx_word' id='word_1_4' title='bbox 243 513 356 571; x_wconf 68' lang='lat' dir='ltr'>omnia</span> <span class='ocrx_word' id='word_1_5' title='bbox 378 512 560 589; x_wconf 83' lang='lat' dir='ltr'>impediunt3</span> <span class='ocrx_word' id='word_1_6' title='bbox 583 512 672 587; x_wconf 85' lang='lat' dir='ltr'>idque</span> <span class='ocrx_word' id='word_1_7' title='bbox 696 512 788 571; x_wconf 91' lang='lat' dir='ltr'>etiam</span> <span class='ocrx_word' id='word_1_8' title='bbox 811 513 844 570; x_wconf 91' lang='lat' dir='ltr'>in</span> <span class='ocrx_word' id='word_1_9' title='bbox 867 510 1006 571; x_wconf 75' lang='lat' dir='ltr'>editionis</span> <span class='ocrx_word' id='word_1_10' title='bbox 1031 512 1182 588; x_wconf 82' lang='lat' dir='ltr'>exemplar</span> 
     </span>
     <span class='ocr_line' id='line_1_3' title="bbox 160 599 1181 677; baseline 0 -18"><span class='ocrx_word' id='word_1_11' title='bbox 160 600 257 673; x_wconf 86' lang='lat' dir='ltr'>cadit,</span> <span class='ocrx_word' id='word_1_12' title='bbox 285 602 357 677; x_wconf 93' lang='lat' dir='ltr'>quia</span> <span class='ocrx_word' id='word_1_13' title='bbox 384 621 421 661; x_wconf 92' lang='lat' dir='ltr'>ne</span> <span class='ocrx_word' id='word_1_14' title='bbox 449 604 550 661; x_wconf 90' lang='lat' dir='ltr'>omnia</span> <span class='ocrx_word' id='word_1_15' title='bbox 579 620 655 677; x_wconf 85' lang='lat' dir='ltr'>quae</span> <span class='ocrx_word' id='word_1_16' title='bbox 683 600 715 659; x_wconf 92' lang='lat' dir='ltr'>in</span> <span class='ocrx_word' id='word_1_17' title='bbox 743 620 779 660; x_wconf 86' lang='lat' dir='ltr'>ea</span> <span class='ocrx_word' id='word_1_18' title='bbox 801 600 911 661; x_wconf 88' lang='lat' dir='ltr'>omissa</span> <span class='ocrx_word' id='word_1_19' title='bbox 934 599 1181 676; x_wconf 78' lang='lat' dir='ltr'>deprehendimus</span> 
     </span>
     <span class='ocr_line' id='line_1_4' title="bbox 160 689 1180 769; baseline 0 -20"><span class='ocrx_word' id='word_1_20' title='bbox 160 689 310 749; x_wconf 89' lang='lat' dir='ltr'>editorum</span> <span class='ocrx_word' id='word_1_21' title='bbox 343 691 550 769; x_wconf 83' lang='lat' dir='ltr'>neglegentiae</span> <span class='ocrx_word' id='word_1_22' title='bbox 582 692 764 766; x_wconf 83' lang='lat' dir='ltr'>imputemus</span> <span class='ocrx_word' id='word_1_23' title='bbox 795 691 901 767; x_wconf 82' lang='lat' dir='ltr'>ingens</span> <span class='ocrx_word' id='word_1_24' title='bbox 937 691 1002 766; x_wconf 87' lang='lat' dir='ltr'>ipse</span> <span class='ocrx_word' id='word_1_25' title='bbox 1040 707 1180 750; x_wconf 88' lang='lat' dir='ltr'>numerus</span> 
     </span>
     <span class='ocr_line' id='line_1_5' title="bbox 158 777 1180 855; baseline 0.002 -18"><span class='ocrx_word' id='word_1_26' title='bbox 158 777 308 855; x_wconf 80' lang='lat' dir='ltr'>prohibet.</span> <span class='ocrx_word' id='word_1_27' title='bbox 348 798 401 839; x_wconf 88' lang='lat' dir='ltr'>nec</span> <span class='ocrx_word' id='word_1_28' title='bbox 424 779 546 839; x_wconf 88' lang='lat' dir='ltr'>difficile</span> <span class='ocrx_word' id='word_1_29' title='bbox 566 783 611 839; x_wconf 86' lang='lat' dir='ltr'>est</span> <span class='ocrx_word' id='word_1_30' title='bbox 629 780 666 838; x_wconf 92' lang='lat' dir='ltr'>de</span> <span class='ocrx_word' id='word_1_31' title='bbox 684 778 785 838; x_wconf 89' lang='lat' dir='ltr'>codice</span> <span class='ocrx_word' id='word_1_32' title='bbox 805 780 955 838; x_wconf 91' lang='lat' dir='ltr'>communi</span> <span class='ocrx_word' id='word_1_33' title='bbox 972 798 1051 838; x_wconf 90' lang='lat' dir='ltr'>nunc</span> <span class='ocrx_word' id='word_1_34' title='bbox 1070 780 1180 839; x_wconf 87' lang='lat' dir='ltr'>amisso</span> 
     </span>
     <span class='ocr_line' id='line_1_6' title="bbox 160 867 1179 945; baseline 0.001 -19"><span class='ocrx_word' id='word_1_35' title='bbox 160 870 307 945; x_wconf 83' lang='lat' dir='ltr'>cogitare,</span> <span class='ocrx_word' id='word_1_36' title='bbox 341 871 482 943; x_wconf 92' lang='lat' dir='ltr'>quoniam</span> <span class='ocrx_word' id='word_1_37' title='bbox 516 888 550 929; x_wconf 84' lang='lat' dir='ltr'>ex</span> <span class='ocrx_word' id='word_1_38' title='bbox 577 871 644 945; x_wconf 92' lang='lat' dir='ltr'>ipso</span> <span class='ocrx_word' id='word_1_39' title='bbox 672 867 861 927; x_wconf 87' lang='lat' dir='ltr'>Harlemensi</span> <span class='ocrx_word' id='word_1_40' title='bbox 888 867 927 926; x_wconf 88' lang='lat' dir='ltr'>ad</span> <span class='ocrx_word' id='word_1_41' title='bbox 955 870 989 941; x_wconf 81' lang='lat'>4,</span> <span class='ocrx_word' id='word_1_42' title='bbox 1009 869 1072 927; x_wconf 86' lang='lat'>385</span> <span class='ocrx_word' id='word_1_43' title='bbox 1102 887 1179 927; x_wconf 88' lang='lat' dir='ltr'>com·</span> 
     </span>
     <span class='ocr_line' id='line_1_7' title="bbox 159 955 1178 1033; baseline 0.003 -19"><span class='ocrx_word' id='word_1_44' title='bbox 159 958 261 1033; x_wconf 88' lang='lat' dir='ltr'>plures</span> <span class='ocrx_word' id='word_1_45' title='bbox 289 957 403 1016; x_wconf 90' lang='lat' dir='ltr'>Donati</span> <span class='ocrx_word' id='word_1_46' title='bbox 434 958 526 1019; x_wconf 90' lang='lat' dir='ltr'>libros</span> <span class='ocrx_word' id='word_1_47' title='bbox 558 963 624 1016; x_wconf 85' lang='lat' dir='ltr'>tum</span> <span class='ocrx_word' id='word_1_48' title='bbox 651 955 822 1017; x_wconf 85' lang='lat' dir='ltr'>Florentiae</span> <span class='ocrx_word' id='word_1_49' title='bbox 852 956 943 1017; x_wconf 82' lang='lat' dir='ltr'>fuIsse</span> <span class='ocrx_word' id='word_1_50' title='bbox 971 958 1178 1033; x_wconf 78' lang='lat' dir='ltr'>comperimus.</span> 
     </span>
     <span class='ocr_line' id='line_1_8' title="bbox 160 1043 1180 1124; baseline 0 -19"><span class='ocrx_word' id='word_1_51' title='bbox 160 1046 205 1105; x_wconf 89' lang='lat' dir='ltr'>ait</span> <span class='ocrx_word' id='word_1_52' title='bbox 229 1045 308 1105; x_wconf 90' lang='lat' dir='ltr'>enim</span> <span class='ocrx_word' id='word_1_53' title='bbox 333 1046 399 1120; x_wconf 79' lang='lat' dir='ltr'>„hio</span> <span class='ocrx_word' id='word_1_54' title='bbox 423 1046 522 1106; x_wconf 87' lang='lat' dir='ltr'>deficit</span> <span class='ocrx_word' id='word_1_55' title='bbox 545 1046 691 1124; x_wconf 84' lang='lat' dir='ltr'>expositio</span> <span class='ocrx_word' id='word_1_56' title='bbox 713 1043 813 1105; x_wconf 78' lang='lat' dir='ltr'>0ch</span> <span class='ocrx_word' id='word_1_57' title='bbox 832 1046 1006 1119; x_wconf 86' lang='lat' dir='ltr'>carminum,</span> <span class='ocrx_word' id='word_1_58' title='bbox 1025 1065 1101 1122; x_wconf 88' lang='lat' dir='ltr'>quae</span> <span class='ocrx_word' id='word_1_59' title='bbox 1119 1065 1180 1107; x_wconf 90' lang='lat' dir='ltr'>non</span> 
     </span>
     <span class='ocr_line' id='line_1_9' title="bbox 159 1134 1177 1211; baseline 0.003 -19"><span class='ocrx_word' id='word_1_60' title='bbox 159 1137 308 1210; x_wconf 88' lang='lat' dir='ltr'>reperitur</span> <span class='ocrx_word' id='word_1_61' title='bbox 330 1134 362 1193; x_wconf 91' lang='lat' dir='ltr'>in</span> <span class='ocrx_word' id='word_1_62' title='bbox 386 1136 488 1211; x_wconf 89' lang='lat' dir='ltr'>aliquo</span> <span class='ocrx_word' id='word_1_63' title='bbox 511 1140 596 1195; x_wconf 85' lang='lat' dir='ltr'>textu</span> <span class='ocrx_word' id='word_1_64' title='bbox 619 1136 710 1195; x_wconf 90' lang='lat' dir='ltr'>huius</span> <span class='ocrx_word' id='word_1_65' title='bbox 734 1136 880 1195; x_wconf 85' lang='lat' dir='ltr'>civitatis:</span> <span class='ocrx_word' id='word_1_66' title='bbox 914 1135 1044 1210; x_wconf 87' lang='lat' dir='ltr'>spatium</span> <span class='ocrx_word' id='word_1_67' title='bbox 1072 1135 1177 1195; x_wconf 88' lang='lat' dir='ltr'>demit·</span> 
     </span>
     <span class='ocr_line' id='line_1_10' title="bbox 159 1215 1179 1305; baseline 0.002 -22"><span class='ocrx_word' id='word_1_68' title='bbox 159 1228 266 1297; x_wconf 86' lang='lat' dir='ltr'>temus,</span> <span class='ocrx_word' id='word_1_69' title='bbox 282 1225 308 1283; x_wconf 88' lang='lat' dir='ltr'>si</span> <span class='ocrx_word' id='word_1_70' title='bbox 325 1226 358 1282; x_wconf 91' lang='lat' dir='ltr'>in</span> <span class='ocrx_word' id='word_1_71' title='bbox 376 1225 478 1301; x_wconf 89' lang='lat' dir='ltr'>aliquo</span> <span class='ocrx_word' id='word_1_72' title='bbox 498 1226 564 1284; x_wconf 92' lang='lat' dir='ltr'>loco</span> <span class='ocrx_word' id='word_1_73' title='bbox 582 1223 782 1301; x_wconf 86' lang='lat' dir='ltr'>reperiretur“</span> <span class='ocrx_word' id='word_1_74' title='bbox 799 1216 849 1305; x_wconf 85' lang='lat' dir='ltr'>(ef.</span> <span class='ocrx_word' id='word_1_75' title='bbox 859 1244 886 1283; x_wconf 86' lang='lat' dir='ltr'>v.</span> <span class='ocrx_word' id='word_1_76' title='bbox 897 1223 925 1283; x_wconf 90' lang='lat' dir='ltr'>d.</span> <span class='ocrx_word' id='word_1_77' title='bbox 934 1223 1058 1284; x_wconf 86' lang='lat' dir='ltr'>Hoeven</span> <span class='ocrx_word' id='word_1_78' title='bbox 1072 1245 1101 1301; x_wconf 90' lang='lat' dir='ltr'>p.</span> <span class='ocrx_word' id='word_1_79' title='bbox 1112 1215 1179 1305; x_wconf 79' lang='lat'>54).</span> 
     </span>
     <span class='ocr_line' id='line_1_11' title="bbox 159 1311 1179 1389; baseline 0.001 -18"><span class='ocrx_word' id='word_1_80' title='bbox 159 1311 276 1373; x_wconf 86' lang='lat' dir='ltr'>accedit</span> <span class='ocrx_word' id='word_1_81' title='bbox 299 1312 379 1387; x_wconf 92' lang='lat' dir='ltr'>quod</span> <span class='ocrx_word' id='word_1_82' title='bbox 398 1313 579 1373; x_wconf 74' lang='lat' dir='ltr'>Vaticanum</span> <span class='ocrx_word' id='word_1_83' title='bbox 601 1314 712 1373; x_wconf 90' lang='lat' dir='ltr'>librum</span> <span class='ocrx_word' id='word_1_84' title='bbox 735 1313 913 1389; x_wconf 81' lang='lat' dir='ltr'>Florentiae,</span> <span class='ocrx_word' id='word_1_85' title='bbox 932 1312 984 1371; x_wconf 92' lang='lat' dir='ltr'>ubi</span> <span class='ocrx_word' id='word_1_86' title='bbox 1001 1312 1031 1370; x_wconf 91' lang='lat' dir='ltr'><strong>H</strong></span> <span class='ocrx_word' id='word_1_87' title='bbox 1050 1315 1179 1389; x_wconf 87' lang='lat' dir='ltr'>scriptus</span> 
     </span>
     <span class='ocr_line' id='line_1_12' title="bbox 159 1399 1178 1477; baseline 0 -16"><span class='ocrx_word' id='word_1_88' title='bbox 159 1408 218 1474; x_wconf 86' lang='lat' dir='ltr'>est,</span> <span class='ocrx_word' id='word_1_89' title='bbox 246 1421 389 1477; x_wconf 90' lang='lat' dir='ltr'>umquam</span> <span class='ocrx_word' id='word_1_90' title='bbox 417 1403 509 1461; x_wconf 86' lang='lat' dir='ltr'>fuisse</span> <span class='ocrx_word' id='word_1_91' title='bbox 537 1423 624 1463; x_wconf 90' lang='lat' dir='ltr'>nemo</span> <span class='ocrx_word' id='word_1_92' title='bbox 650 1405 831 1463; x_wconf 86' lang='lat' dir='ltr'>auctorest.</span> <span class='ocrx_word' id='word_1_93' title='bbox 877 1399 1053 1461; x_wconf 86' lang='lat' dir='ltr'>Oxoniensis</span> <span class='ocrx_word' id='word_1_94' title='bbox 1077 1407 1178 1461; x_wconf 89' lang='lat' dir='ltr'>autem</span> 
     </span>
     <span class='ocr_line' id='line_1_13' title="bbox 158 1490 1179 1569; baseline 0.004 -22"><span class='ocrx_word' id='word_1_95' title='bbox 158 1494 277 1567; x_wconf 88' lang='lat' dir='ltr'>partem</span> <span class='ocrx_word' id='word_1_96' title='bbox 304 1491 464 1551; x_wconf 88' lang='lat' dir='ltr'>secundam</span> <span class='ocrx_word' id='word_1_97' title='bbox 491 1512 550 1551; x_wconf 93' lang='lat' dir='ltr'>non</span> <span class='ocrx_word' id='word_1_98' title='bbox 578 1511 613 1551; x_wconf 84' lang='lat' dir='ltr'>ex</span> <span class='ocrx_word' id='word_1_99' title='bbox 639 1494 707 1569; x_wconf 88' lang='lat' dir='ltr'>ipso</span> <span class='ocrx_word' id='word_1_100' title='bbox 730 1491 878 1551; x_wconf 87' lang='lat' dir='ltr'>Vaticano</span> <span class='ocrx_word' id='word_1_101' title='bbox 905 1490 1085 1567; x_wconf 88' lang='lat' dir='ltr'>descriptam</span> <span class='ocrx_word' id='word_1_102' title='bbox 1115 1510 1179 1551; x_wconf 89' lang='lat' dir='ltr'>osse</span> 
     </span>
     <span class='ocr_line' id='line_1_14' title="bbox 158 1579 1178 1657; baseline 0.002 -20"><span class='ocrx_word' id='word_1_103' title='bbox 158 1579 240 1638; x_wconf 84' lang='lat' dir='ltr'>infra</span> <span class='ocrx_word' id='word_1_104' title='bbox 267 1579 386 1640; x_wconf 88' lang='lat' dir='ltr'>docebo.</span> <span class='ocrx_word' id='word_1_105' title='bbox 433 1585 578 1656; x_wconf 85' lang='lat' dir='ltr'>ceterum,</span> <span class='ocrx_word' id='word_1_106' title='bbox 605 1584 759 1657; x_wconf 87' lang='lat' dir='ltr'>utcunque</span> <span class='ocrx_word' id='word_1_107' title='bbox 784 1599 832 1640; x_wconf 88' lang='lat' dir='ltr'>res</span> <span class='ocrx_word' id='word_1_108' title='bbox 861 1579 1013 1655; x_wconf 88' lang='lat' dir='ltr'>sehabet,</span> <span class='ocrx_word' id='word_1_109' title='bbox 1037 1583 1178 1657; x_wconf 87' lang='lat' dir='ltr'>quoniam</span> 
     </span>
     <span class='ocr_line' id='line_1_15' title="bbox 157 1668 1178 1747; baseline 0 -20"><span class='ocrx_word' id='word_1_110' title='bbox 157 1669 190 1727; x_wconf 93' lang='lat' dir='ltr'>in</span> <span class='ocrx_word' id='word_1_111' title='bbox 213 1668 392 1729; x_wconf 86' lang='lat' dir='ltr'>recensendo</span> <span class='ocrx_word' id='word_1_112' title='bbox 416 1669 531 1730; x_wconf 88' lang='lat' dir='ltr'>Donati</span> <span class='ocrx_word' id='word_1_113' title='bbox 552 1673 638 1730; x_wconf 85' lang='lat' dir='ltr'>textu</span> <span class='ocrx_word' id='word_1_114' title='bbox 660 1688 810 1747; x_wconf 83' lang='lat' dir='ltr'>nusquam</span> <span class='ocrx_word' id='word_1_115' title='bbox 837 1673 959 1745; x_wconf 86' lang='lat' dir='ltr'>excepto</span> <span class='ocrx_word' id='word_1_116' title='bbox 987 1670 1094 1729; x_wconf 88' lang='lat' dir='ltr'>ultimo</span> <span class='ocrx_word' id='word_1_117' title='bbox 1117 1670 1178 1727; x_wconf 89' lang='lat' dir='ltr'>Va-</span> 
     </span>
     <span class='ocr_line' id='line_1_16' title="bbox 157 1758 1178 1837; baseline 0 -20"><span class='ocrx_word' id='word_1_118' title='bbox 157 1760 253 1817; x_wconf 87' lang='lat' dir='ltr'>ticani</span> <span class='ocrx_word' id='word_1_119' title='bbox 276 1758 350 1817; x_wconf 85' lang='lat' dir='ltr'>folio</span> <span class='ocrx_word' id='word_1_120' title='bbox 374 1758 413 1818; x_wconf 87' lang='lat' dir='ltr'>ad</span> <span class='ocrx_word' id='word_1_121' title='bbox 435 1758 489 1819; x_wconf 91' lang='lat' dir='ltr'>hos</span> <span class='ocrx_word' id='word_1_122' title='bbox 514 1759 628 1820; x_wconf 87' lang='lat' dir='ltr'>codices</span> <span class='ocrx_word' id='word_1_123' title='bbox 651 1758 882 1837; x_wconf 81' lang='lat' dir='ltr'>confugiendum</span> <span class='ocrx_word' id='word_1_124' title='bbox 906 1763 964 1834; x_wconf 87' lang='lat' dir='ltr'>est,</span> <span class='ocrx_word' id='word_1_125' title='bbox 987 1759 1064 1817; x_wconf 87' lang='lat' dir='ltr'>nihil</span> <span class='ocrx_word' id='word_1_126' title='bbox 1087 1760 1178 1818; x_wconf 85' lang='lat' dir='ltr'>inter·</span> 
     </span>
     <span class='ocr_line' id='line_1_17' title="bbox 156 1846 1178 1925; baseline -0.001 -18"><span class='ocrx_word' id='word_1_127' title='bbox 156 1850 203 1907; x_wconf 84' lang='lat' dir='ltr'>est</span> <span class='ocrx_word' id='word_1_128' title='bbox 234 1847 295 1906; x_wconf 87' lang='lat' dir='ltr'>nisi</span> <span class='ocrx_word' id='word_1_129' title='bbox 327 1846 366 1906; x_wconf 88' lang='lat' dir='ltr'>ad</span> <span class='ocrx_word' id='word_1_130' title='bbox 398 1851 525 1910; x_wconf 84' lang='lat' dir='ltr'>stemma</span> <span class='ocrx_word' id='word_1_131' title='bbox 556 1848 811 1923; x_wconf 87' lang='lat' dir='ltr'>constituendum,</span> <span class='ocrx_word' id='word_1_132' title='bbox 843 1847 924 1924; x_wconf 88' lang='lat' dir='ltr'>quod</span> <span class='ocrx_word' id='word_1_133' title='bbox 953 1848 1028 1906; x_wconf 90' lang='lat' dir='ltr'>mihi</span> <span class='ocrx_word' id='word_1_134' title='bbox 1058 1848 1178 1925; x_wconf 91' lang='lat' dir='ltr'>quidem</span> 
     </span>
     <span class='ocr_line' id='line_1_18' title="bbox 156 1934 571 1997; baseline 0.01 -4"><span class='ocrx_word' id='word_1_135' title='bbox 156 1934 331 1996; x_wconf 89' lang='lat' dir='ltr'>huiusmodi</span> <span class='ocrx_word' id='word_1_136' title='bbox 353 1955 416 1997; x_wconf 90' lang='lat' dir='ltr'>esse</span> <span class='ocrx_word' id='word_1_137' title='bbox 438 1938 571 1997; x_wconf 85' lang='lat' dir='ltr'>videtur:</span> 
     </span>
    </p>
   </div>
   <div class='ocr_carea' id='block_1_3' title="bbox 574 2044 764 2121">
    <p class='ocr_par' dir='ltr' id='par_1_3' title="bbox 574 2044 764 2121">
     <span class='ocr_line' id='line_1_19' title="bbox 574 2044 764 2121; baseline 0.005 -19"><span class='ocrx_word' id='word_1_138' title='bbox 574 2044 764 2121; x_wconf 86' lang='lat' dir='ltr'>Archetypus</span> 
     </span>
    </p>
   </div>
   <div class='ocr_carea' id='block_1_4' title="bbox 613 2126 721 2231">
    <p class='ocr_par' dir='ltr' id='par_1_4' title="bbox 613 2126 721 2231">
     <span class='ocr_line' id='line_1_20' title="bbox 613 2126 721 2231; baseline -0.009 0"><span class='ocrx_word' id='word_1_139' title='bbox 613 2126 721 2231; x_wconf 44' lang='lat' dir='ltr'>flu</span> 
     </span>
    </p>
   </div>
   <div class='ocr_carea' id='block_1_5' title="bbox 590 2240 744 2299">
    <p class='ocr_par' dir='ltr' id='par_1_5' title="bbox 590 2240 744 2299">
     <span class='ocr_line' id='line_1_21' title="bbox 590 2240 744 2299; baseline 0 -1"><span class='ocrx_word' id='word_1_140' title='bbox 590 2240 744 2299; x_wconf 90' lang='lat' dir='ltr'>LVR</span> 
     </span>
    </p>
   </div>
   <div class='ocr_carea' id='block_1_6' title="bbox 240 2574 1095 2677">
    <p class='ocr_par' dir='ltr' id='par_1_6' title="bbox 240 2574 1095 2677">
     <span class='ocr_line' id='line_1_22' title="bbox 240 2574 1095 2677; baseline -0.007 0"><span class='ocrx_word' id='word_1_141' title='bbox 240 2574 1095 2677; x_wconf 60' lang='lat' dir='ltr'>&#39;ffOU—(Mbffi</span> 
     </span>
    </p>
   </div>
   <div class='ocr_carea' id='block_1_7' title="bbox 155 2738 1190 3697">
    <p class='ocr_par' dir='ltr' id='par_1_7' title="bbox 155 2738 1190 3697">
     <span class='ocr_line' id='line_1_23' title="bbox 223 2738 1175 2815; baseline 0.002 -20"><span class='ocrx_word' id='word_1_142' title='bbox 223 2739 288 2796; x_wconf 91' lang='lat' dir='ltr'>Iam</span> <span class='ocrx_word' id='word_1_143' title='bbox 312 2738 491 2815; x_wconf 77' lang='lat' dir='ltr'>singillatim</span> <span class='ocrx_word' id='word_1_144' title='bbox 513 2739 550 2798; x_wconf 90' lang='lat' dir='ltr'>de</span> <span class='ocrx_word' id='word_1_145' title='bbox 572 2741 610 2800; x_wconf 91' lang='lat' dir='ltr'>iis</span> <span class='ocrx_word' id='word_1_146' title='bbox 632 2741 769 2800; x_wconf 81' lang='lat' dir='ltr'>referam.</span> <span class='ocrx_word' id='word_1_147' title='bbox 792 2738 1041 2799; x_wconf 86' lang='lat' dir='ltr'>Harlemensis</span> <span class='ocrx_word' id='word_1_148' title='bbox 1068 2738 1175 2797; x_wconf 90' lang='lat' dir='ltr'>biblio-</span> 
     </span>
     <span class='ocr_line' id='line_1_24' title="bbox 157 2826 1175 2907; baseline 0.001 -21"><span class='ocrx_word' id='word_1_149' title='bbox 157 2827 263 2886; x_wconf 88' lang='lat' dir='ltr'>thecae</span> <span class='ocrx_word' id='word_1_150' title='bbox 286 2826 423 2903; x_wconf 89' lang='lat' dir='ltr'>publicae</span> <span class='ocrx_word' id='word_1_151' title='bbox 448 2831 500 2903; x_wconf 79' lang='lat'>22,</span> <span class='ocrx_word' id='word_1_152' title='bbox 523 2829 776 2905; x_wconf 88' lang='lat' dir='ltr'>membranaceus,</span> <span class='ocrx_word' id='word_1_153' title='bbox 799 2830 912 2888; x_wconf 81' lang='lat' dir='ltr'>formae</span> <span class='ocrx_word' id='word_1_154' title='bbox 935 2827 1066 2907; x_wconf 81' lang='lat' dir='ltr'>grandis,</span> <span class='ocrx_word' id='word_1_155' title='bbox 1088 2828 1175 2887; x_wconf 84' lang='lat' dir='ltr'>folio·</span> 
     </span>
     <span class='ocr_line' id='line_1_25' title="bbox 155 2916 1175 2995; baseline 0.004 -22"><span class='ocrx_word' id='word_1_156' title='bbox 155 2933 220 2974; x_wconf 90' lang='lat' dir='ltr'>rum</span> <span class='ocrx_word' id='word_1_157' title='bbox 248 2916 326 2993; x_wconf 86' lang='lat'>380,</span> <span class='ocrx_word' id='word_1_158' title='bbox 353 2916 462 2993; x_wconf 84' lang='lat' dir='ltr'>incipit</span> <span class='ocrx_word' id='word_1_159' title='bbox 490 2938 508 2976; x_wconf 89' lang='lat' dir='ltr'>a</span> <span class='ocrx_word' id='word_1_160' title='bbox 535 2919 633 2980; x_wconf 76' lang='lat' dir='ltr'>verbis</span> <span class='ocrx_word' id='word_1_161' title='bbox 660 2920 808 2995; x_wconf 84' lang='lat' dir='ltr'>prooemii</span> <span class='ocrx_word' id='word_1_162' title='bbox 836 2918 902 2995; x_wconf 84' lang='lat' dir='ltr'>„cui</span> <span class='ocrx_word' id='word_1_163' title='bbox 924 2918 1012 2976; x_wconf 87' lang='lat' dir='ltr'>licuit</span> <span class='ocrx_word' id='word_1_164' title='bbox 1034 2917 1175 2977; x_wconf 84' lang='lat' dir='ltr'>universa</span> 
     </span>
     <span class='ocr_line' id='line_1_26' title="bbox 156 3002 1175 3084; baseline 0 -20"><span class='ocrx_word' id='word_1_165' title='bbox 156 3002 347 3080; x_wconf 85' lang='lat' dir='ltr'>percurrere“</span> <span class='ocrx_word' id='word_1_166' title='bbox 371 3006 487 3066; x_wconf 85' lang='lat' dir='ltr'>amissis</span> <span class='ocrx_word' id='word_1_167' title='bbox 511 3027 578 3066; x_wconf 89' lang='lat' dir='ltr'>cum</span> <span class='ocrx_word' id='word_1_168' title='bbox 600 3008 691 3067; x_wconf 91' lang='lat' dir='ltr'>titulo</span> <span class='ocrx_word' id='word_1_169' title='bbox 715 3027 792 3084; x_wconf 89' lang='lat' dir='ltr'>quae</span> <span class='ocrx_word' id='word_1_170' title='bbox 814 3005 1044 3083; x_wconf 77' lang='lat' dir='ltr'>praecedebant,</span> <span class='ocrx_word' id='word_1_171' title='bbox 1072 3007 1175 3065; x_wconf 90' lang='lat' dir='ltr'>termi-</span> 
     </span>
     <span class='ocr_line' id='line_1_27' title="bbox 156 3095 1174 3173; baseline 0.003 -22"><span class='ocrx_word' id='word_1_172' title='bbox 156 3097 247 3152; x_wconf 87' lang='lat' dir='ltr'>natur</span> <span class='ocrx_word' id='word_1_173' title='bbox 272 3098 322 3169; x_wconf 82' lang='lat'>12,</span> <span class='ocrx_word' id='word_1_174' title='bbox 343 3096 406 3153; x_wconf 79' lang='lat'>952</span> <span class='ocrx_word' id='word_1_175' title='bbox 436 3096 526 3156; x_wconf 88' lang='lat' dir='ltr'>verbo</span> <span class='ocrx_word' id='word_1_176' title='bbox 551 3095 758 3173; x_wconf 83' lang='lat' dir='ltr'>‚,debebatur“,</span> <span class='ocrx_word' id='word_1_177' title='bbox 784 3099 853 3172; x_wconf 92' lang='lat' dir='ltr'>post</span> <span class='ocrx_word' id='word_1_178' title='bbox 876 3096 956 3171; x_wconf 92' lang='lat' dir='ltr'>quod</span> <span class='ocrx_word' id='word_1_179' title='bbox 979 3098 1088 3155; x_wconf 90' lang='lat' dir='ltr'>omisso</span> <span class='ocrx_word' id='word_1_180' title='bbox 1112 3095 1174 3154; x_wconf 90' lang='lat' dir='ltr'>Do-</span> 
     </span>
     <span class='ocr_line' id='line_1_28' title="bbox 156 3183 1175 3263; baseline 0.002 -23"><span class='ocrx_word' id='word_1_181' title='bbox 156 3185 222 3241; x_wconf 88' lang='lat' dir='ltr'>nati</span> <span class='ocrx_word' id='word_1_182' title='bbox 246 3183 284 3240; x_wconf 90' lang='lat' dir='ltr'>ad</span> <span class='ocrx_word' id='word_1_183' title='bbox 306 3183 404 3243; x_wconf 89' lang='lat' dir='ltr'>filium</span> <span class='ocrx_word' id='word_1_184' title='bbox 427 3185 545 3263; x_wconf 83' lang='lat' dir='ltr'>epilogo</span> <span class='ocrx_word' id='word_1_185' title='bbox 564 3187 744 3263; x_wconf 83' lang='lat' dir='ltr'>subscriptio</span> <span class='ocrx_word' id='word_1_186' title='bbox 763 3187 905 3263; x_wconf 85' lang='lat' dir='ltr'>sequitur,</span> <span class='ocrx_word' id='word_1_187' title='bbox 925 3204 985 3261; x_wconf 90' lang='lat' dir='ltr'>qua</span> <span class='ocrx_word' id='word_1_188' title='bbox 1003 3185 1039 3243; x_wconf 90' lang='lat' dir='ltr'>de</span> <span class='ocrx_word' id='word_1_189' title='bbox 1057 3184 1175 3243; x_wconf 87' lang='lat' dir='ltr'>librarii</span> 
     </span>
     <span class='ocr_line' id='line_1_29' title="bbox 155 3272 1174 3351; baseline 0.001 -21"><span class='ocrx_word' id='word_1_190' title='bbox 155 3290 284 3346; x_wconf 88' lang='lat' dir='ltr'>persona</span> <span class='ocrx_word' id='word_1_191' title='bbox 311 3276 402 3348; x_wconf 85' lang='lat' dir='ltr'>atquc</span> <span class='ocrx_word' id='word_1_192' title='bbox 430 3277 528 3334; x_wconf 89' lang='lat' dir='ltr'>aetate</span> <span class='ocrx_word' id='word_1_193' title='bbox 556 3275 703 3335; x_wconf 89' lang='lat' dir='ltr'>docemur.</span> <span class='ocrx_word' id='word_1_194' title='bbox 751 3278 796 3335; x_wconf 86' lang='lat' dir='ltr'>est</span> <span class='ocrx_word' id='word_1_195' title='bbox 819 3278 919 3335; x_wconf 90' lang='lat' dir='ltr'>autem</span> <span class='ocrx_word' id='word_1_196' title='bbox 942 3274 1028 3333; x_wconf 82' lang='lat' dir='ltr'>haec:</span> <span class='ocrx_word' id='word_1_197' title='bbox 1052 3272 1174 3351; x_wconf 80' lang='lat' dir='ltr'>„Vergi-</span> 
     </span>
     <span class='ocr_line' id='line_1_30' title="bbox 156 3360 1173 3439; baseline 0.001 -21"><span class='ocrx_word' id='word_1_198' title='bbox 156 3360 306 3421; x_wconf 88' lang='lat' dir='ltr'>lianarum</span> <span class='ocrx_word' id='word_1_199' title='bbox 335 3362 618 3439; x_wconf 86' lang='lat' dir='ltr'>interpretationum</span> <span class='ocrx_word' id='word_1_200' title='bbox 646 3365 775 3424; x_wconf 83' lang='lat' dir='ltr'>Eneidos</span> <span class='ocrx_word' id='word_1_201' title='bbox 804 3364 881 3423; x_wconf 87' lang='lat' dir='ltr'>liber</span> <span class='ocrx_word' id='word_1_202' title='bbox 906 3362 1098 3422; x_wconf 89' lang='lat' dir='ltr'>duodecimus</span> <span class='ocrx_word' id='word_1_203' title='bbox 1126 3381 1173 3421; x_wconf 85' lang='lat' dir='ltr'>ex·</span> 
     </span>
     <span class='ocr_line' id='line_1_31' title="bbox 156 3450 1173 3529; baseline 0.002 -22"><span class='ocrx_word' id='word_1_204' title='bbox 156 3450 251 3524; x_wconf 91' lang='lat' dir='ltr'>plicit.</span> <span class='ocrx_word' id='word_1_205' title='bbox 298 3450 352 3510; x_wconf 92' lang='lat' dir='ltr'>deo</span> <span class='ocrx_word' id='word_1_206' title='bbox 380 3453 494 3529; x_wconf 76' lang='lat' dir='ltr'>gratias</span> <span class='ocrx_word' id='word_1_207' title='bbox 523 3473 617 3512; x_wconf 90' lang='lat' dir='ltr'>amen.</span> <span class='ocrx_word' id='word_1_208' title='bbox 664 3455 792 3529; x_wconf 89' lang='lat' dir='ltr'>scriptus</span> <span class='ocrx_word' id='word_1_209' title='bbox 820 3457 920 3513; x_wconf 90' lang='lat' dir='ltr'>autem</span> <span class='ocrx_word' id='word_1_210' title='bbox 953 3452 1014 3511; x_wconf 80' lang='lat' dir='ltr'>fuit</span> <span class='ocrx_word' id='word_1_211' title='bbox 1045 3470 1099 3527; x_wconf 89' lang='lat' dir='ltr'>per</span> <span class='ocrx_word' id='word_1_212' title='bbox 1125 3472 1173 3509; x_wconf 91' lang='lat' dir='ltr'>me</span> 
     </span>
     <span class='ocr_line' id='line_1_32' title="bbox 157 3538 1172 3601; baseline 0.002 -4"><span class='ocrx_word' id='word_1_213' title='bbox 157 3538 348 3598; x_wconf 75' lang='lat' dir='ltr'>dhancisoum</span> <span class='ocrx_word' id='word_1_214' title='bbox 368 3539 407 3598; x_wconf 84' lang='lat' dir='ltr'>Si.</span> <span class='ocrx_word' id='word_1_215' title='bbox 422 3541 542 3601; x_wconf 88' lang='lat' dir='ltr'>Nicolai</span> <span class='ocrx_word' id='word_1_216' title='bbox 559 3542 643 3601; x_wconf 88' lang='lat' dir='ltr'>Berti</span> <span class='ocrx_word' id='word_1_217' title='bbox 661 3542 787 3601; x_wconf 88' lang='lat' dir='ltr'>Martini</span> <span class='ocrx_word' id='word_1_218' title='bbox 810 3543 845 3600; x_wconf 89' lang='lat' dir='ltr'>de</span> <span class='ocrx_word' id='word_1_219' title='bbox 869 3545 971 3601; x_wconf 90' lang='lat' dir='ltr'>sancto</span> <span class='ocrx_word' id='word_1_220' title='bbox 996 3539 1172 3600; x_wconf 84' lang='lat' dir='ltr'>Geminiano</span> 
     </span>
     <span class='ocr_line' id='line_1_33' title="bbox 158 3629 1190 3697; baseline 0 -11"><span class='ocrx_word' id='word_1_221' title='bbox 158 3630 249 3697; x_wconf 82' lang='lat' dir='ltr'>civem</span> <span class='ocrx_word' id='word_1_222' title='bbox 278 3629 429 3688; x_wconf 87' lang='lat' dir='ltr'>notarium</span> <span class='ocrx_word' id='word_1_223' title='bbox 457 3631 662 3691; x_wconf 84' lang='lat' dir='ltr'>Florentinum</span> <span class='ocrx_word' id='word_1_224' title='bbox 691 3632 727 3693; x_wconf 88' lang='lat' dir='ltr'>de</span> <span class='ocrx_word' id='word_1_225' title='bbox 756 3650 835 3693; x_wconf 84' lang='lat' dir='ltr'>anno</span> <span class='ocrx_word' id='word_1_226' title='bbox 860 3630 993 3692; x_wconf 72' lang='lat' dir='ltr'>Domini</span> <span class='ocrx_word' id='word_1_227' title='bbox 1019 3630 1190 3690; x_wconf 71' lang='lat' dir='ltr'>nihlss&#39;xmo</span> 
     </span>
    </p>
   </div>
   <div class='ocr_carea' id='block_1_8' title="bbox 159 3715 1217 3883">
    <p class='ocr_par' dir='ltr' id='par_1_8' title="bbox 159 3715 1217 3883">
     <span class='ocr_line' id='line_1_34' title="bbox 159 3715 1217 3802; baseline 0.008 -31"><span class='ocrx_word' id='word_1_228' title='bbox 159 3716 442 3793; x_wconf 73' lang='lat' dir='ltr'>onemingentesimo</span> <span class='ocrx_word' id='word_1_229' title='bbox 469 3724 658 3802; x_wconf 80' lang='lat' dir='ltr'>sexagesimo</span> <span class='ocrx_word' id='word_1_230' title='bbox 695 3728 782 3791; x_wconf 84' lang='lat' dir='ltr'>sexto</span> <span class='ocrx_word' id='word_1_231' title='bbox 817 3725 857 3789; x_wconf 85' lang='lat' dir='ltr'>de</span> <span class='ocrx_word' id='word_1_232' title='bbox 888 3744 1002 3789; x_wconf 80' lang='lat' dir='ltr'>mense</span> <span class='ocrx_word' id='word_1_233' title='bbox 1035 3715 1217 3782; x_wconf 56' lang='lat' dir='ltr'>usserium</span> 
     </span>
     <span class='ocr_line' id='line_1_35' title="bbox 188 3818 1000 3883; baseline 0.028 -28"><span class='ocrx_word' id='word_1_234' title='bbox 188 3818 245 3857; x_wconf 84' lang='lat' dir='ltr'>Don.</span> <span class='ocrx_word' id='word_1_235' title='bbox 259 3821 354 3869; x_wconf 75' lang='lat' dir='ltr'>mterpr.</span> <span class='ocrx_word' id='word_1_236' title='bbox 369 3825 435 3877; x_wconf 77' lang='lat' dir='ltr'>Vetg.</span> <span class='ocrx_word' id='word_1_237' title='bbox 459 3832 504 3872; x_wconf 82' lang='lat' dir='ltr'>vol.</span> <span class='ocrx_word' id='word_1_238' title='bbox 515 3834 537 3878; x_wconf 89' lang='lat'>1.</span> <span class='ocrx_word' id='word_1_239' title='bbox 980 3844 1000 3883; x_wconf 64' lang='lat'>0,</span> 
     </span>
    </p>
   </div>
   <div class='ocr_carea' id='block_1_9' title="bbox 0 0 1372 4159">
    <p class='ocr_par' dir='ltr' id='par_1_9' title="bbox 0 0 1372 4159">
     <span class='ocr_line' id='line_1_36' title="bbox 0 0 1372 4159; baseline 0 1"><span class='ocrx_word' id='word_1_240' title='bbox 0 0 1372 4159; x_wconf 95' lang='lat' dir='ltr'> </span> 
     </span>
    </p>
   </div>
  </div>
 </body>
</html>
