2734 4159
575 325 790 381 assumes-1
1128 326 1191 392 125

174 502 205 557 et
228 497 403 557 divitiarum
425 496 546 573 reginae
570 495 776 555 consideratur
798 499 828 555 et
845 496 987 554 meritum
1006 497 1192 574 singulorum

176 588 228 663 qui
248 584 495 645 communicaturi
513 586 685 646 convivium
702 584 830 644 fuerant.
868 586 978 660 omnia,
996 586 1104 661 inquit,
1124 604 1191 645 oon-

175 677 258 735 vivia
281 678 356 734 miro
375 674 532 751 splendore
550 673 744 750 parabantur,
763 674 814 733 sed
832 673 893 732 fuit
908 675 941 733 in
959 675 1025 750 ipso
1044 679 1193 751 apparatu

176 766 335 824 diversitas
357 766 481 840 propter
499 763 675 823 distantiam
694 781 896 839 personarum.
932 763 1082 839 parabant
1100 766 1194 842 igitur

150 856 317 917 sconvivia
335 857 398 912 urle
416 854 565 912 laboratae
582 853 670 911 eeslis
687 856 819 926 ostroque
837 853 968 925 superbo.
999 853 1077 913 huno
1095 854 1194 912 locum

178 964 214 1004 ex
242 943 382 1002 subiectis
410 960 603 1019 exponemus,
634 945 669 1000 177
702 937 847 1017 appareat
878 960 931 1000 cur
957 945 1038 1001 ostro
1067 940 1194 1018 superbo

179 1034 240 1092 alia
257 1035 367 1108 parata
385 1033 454 1106 sint,
474 1032 535 1090 alia
553 1048 624 1090 vero
643 1033 709 1089 arte
727 1030 881 1089 laboratae
900 1032 999 1091 vestie.
1028 1048 1097 1089 eum
1116 1033 1195 1089 enirn

179 1123 276 1182 omnis
291 1120 491 1179 accumbentis
506 1119 694 1193 describeret,
709 1122 753 1178 ait
767 1111 862 1201 (697)
878 1138 964 1193 „eum
976 1121 1067 1194 venit,
1081 1120 1196 1179 aulaeis
1280 1181 1282 1186 ,

181 1214 242 1270 ium
260 1228 291 1269 se
309 1212 413 1287 regina
432 1209 567 1285 superbis
587 1228 678 1268 aurea
697 1211 857 1286 conposuit
875 1207 989 1285 sponda
1008 1208 1196 1284 mediamque

140 1300 305 1362 relocavit:
336 1302 399 1357 iam
425 1302 513 1375 pater
534 1298 651 1357 Aeneas
675 1301 705 1357 et
727 1299 790 1357 iam
812 1298 944 1358 Troiana
965 1300 1105 1358 iuventus
1129 1316 1197 1357 con·

180 1390 305 1450 veniunt
327 1390 482 1463 stratoque
506 1405 595 1463 super
617 1385 815 1446 discumbitur
837 1386 945 1447 ostro“.
982 1405 1048 1449 ecee
1067 1387 1198 1447 ostendit

181 1477 262 1554 quod
285 1478 362 1535 dixit
384 1480 525 1552 ostroque
548 1476 685 1552 superbo.
727 1475 802 1535 item
825 1476 901 1535 dixit
924 1468 1020 1557 (707)
1044 1496 1116 1552 „neo
1138 1494 1198 1534 non

182 1573 212 1626 et
235 1568 321 1642 Tyrii
342 1586 397 1642 per
419 1566 525 1624 limina
547 1565 630 1625 laeta
651 1567 822 1648 frequentes
846 1584 1008 1626 convenere
1030 1568 1105 1627 toris
1126 1567 1200 1625 iussi

183 1656 366 1715 discumbere
392 1653 511 1731 pictis“,
538 1657 572 1714 ut
598 1655 791 1731 responderet
817 1656 865 1717 illi
894 1658 977 1732 parti
1008 1675 1068 1731 qua
1099 1656 1200 1732 posuit

142 1767 168 1808 71
184 1750 247 1805 erte
262 1745 417 1805 laboratae
431 1746 531 1803 vestie.
563 1744 726 1818 honestius,
740 1746 777 1803 ut
794 1743 839 1820 fit,
855 1744 951 1804 habiti
970 1749 1040 1804 sunt
1058 1746 1200 1821 hospites,

182 1837 218 1893 ut
245 1834 350 1893 iisdem
378 1835 481 1893 stratis
509 1834 617 1909 quibus
646 1837 676 1893 et
706 1835 812 1911 regina
844 1837 1012 1909 uterentur,
1045 1835 1099 1893 alii
1130 1853 1201 1893 vero

183 1926 258 1983 toris
282 1923 384 1999 pictis,
407 1924 464 1981 hoe
487 1926 533 1982 est
555 1923 647 1998 Tyrii
693 1924 796 1997 lnpeos
819 1928 972 1997 urecolum
993 1925 1116 1983 mensis:
1148 1922 1192 1981 id·
1204 1927 1255 1976 640

184 2015 262 2072 circo
287 2013 397 2071 adiecit
418 2014 538 2086 mensis,
561 2015 597 2070 ut
619 2012 788 2071 ostenderet
810 2014 957 2072 escarium
980 2014 1146 2091 argentum,
1165 2030 1202 2069 ne

184 2105 342 2178 putaretur
364 2103 397 2159 in
419 2100 458 2160 iis
481 2100 634 2177 speciebus
658 2119 721 2160 esse
745 2120 822 2177 quae
845 2102 934 2179 longe
957 2104 1057 2161 essent·
1082 2100 1119 2160 ab
1147 2117 1203 2160 usu

145 2213 172 2252 ao
185 2210 363 2250 mensarum.
408 2191 575 2264 0007070000
597 2191 630 2249 io
653 2208 727 2249 euro
750 2192 841 2265 fertio
862 2192 944 2264 faeta
960 2194 1092 2264 00770710,
1116 2190 1204 2249 series

186 2280 357 2354 loopisslme
384 2297 484 2339 rerem
506 2298 564 2353 per
591 2283 632 2338 707
657 2281 745 2339 ducto
767 2281 847 2339 uiros
871 2283 1009 2353 obliquae
1032 2280 1070 2338 ab
1093 2280 1205 2353 0770700

184 2371 292 2444 aeolo:
324 2368 373 2427 hic
395 2369 553 2445 multiplex
577 2369 695 2446 argenti
718 2368 867 2445 laudali03
899 2389 969 2430 nam
992 2370 1053 2428 luit
1074 2368 1205 2446 ingentis

174 2460 301 2518 ¹formae
333 2458 514 2534 perindeque
546 2460 650 2537 magni
680 2458 834 2534 ponderis,
865 2460 1043 2538 insignitum
1075 2475 1148 2517 auro
1176 2459 1206 2516 et

189 2547 292 2607 decore
315 2547 457 2621 mirabili,
480 2566 571 2606 manu
594 2566 664 2606 vero
689 2546 813 2607 artificis
837 2550 986 2623 ornatum,
1009 2551 1045 2606 nt
1068 2565 1115 2606 ars
1140 2564 1207 2605 eum

149 2657 175 2697 ss
190 2637 300 2712 speciei
325 2638 423 2712 pretio
452 2639 565 2695 certare
592 2636 759 2711 videretur,
786 2638 905 2713 pictura
928 2640 1030 2696 autem
1053 2636 1206 2713 speciebus

190 2726 263 2800 ipsis
288 2725 403 2784 adiecta
427 2727 511 2803 geste
533 2724 682 2783 maiorum
705 2724 831 2785 Didonis
855 2729 885 2785 et
907 2724 1054 2804 originem
1075 2727 1208 2786 contine-

190 2815 257 2889 bat,
290 2834 416 2890 quorum
448 2814 700 2889 contemplatione
732 2816 841 2874 17107077
870 2815 1046 2893 longissimo
1063 2818 1208 2896 tempore

191 2905 347 2976 reservari,
366 2903 607 2979 supplementum
625 2902 723 2962 laudis
747 2906 778 2963 et
799 2905 965 2979 specierum
987 2907 1018 2964 et
1039 2905 1135 2981 ipsius
1157 2902 1208 2962 do-

193 2993 291 3051 minae
322 3011 377 3067 per
406 2995 454 3050 707
486 2991 575 3051 ducta
606 2992 687 3051 viros
718 2994 859 3068 antiquae
888 2992 925 3051 ab
955 2994 1071 3071 origine
1099 2994 1210 3069 gentis:

152 3102 180 3142 70
194 3082 302 3161 dignae
326 3082 437 3156 species
461 3100 539 3155 quse
562 3081 777 3157 antiquitatem
801 3099 836 3140 ac
858 3082 1035 3148 felicitatem
1062 3082 1211 3161 maiorum

194 3171 321 3230 Didonis
343 3171 469 3247 picturis
493 3169 724 3229 evidentissimis
746 3174 937 3231 testarentur.

268 3360 436 3414 2eoooioiie
453 3358 496 3411 ed.
527 3392 529 3396 .
600 3359 716 3412 5000770
734 3356 786 3411 LR
804 3360 834 3411 et
852 3357 927 3411 iufra
945 3357 995 3411 ubi
1014 3356 1213 3411 ex'verborum

197 3432 340 3484 structum
359 3432 478 3499 apparet
491 3428 634 3483 Donatum
652 3444 749 3483 revera
768 3428 809 3482 sic
827 3428 938 3500 legisse.
995 3434 1027 3483 13
1046 3429 1140 3483 iussue'
1152 3428 1212 3481 LR.

253 3507 286 3555 16
305 3504 385 3557 vestis
403 3500 455 3554 LR
477 3516 529 3555 nec
551 3499 751 3568 interpretatio
775 3498 861 3554 aliam
884 3500 1034 3555 lectionem
1057 3499 1167 3569 patitur
1185 3502 1214 3553 et

199 3573 380 3628 confirmatur
398 3590 422 3625 v.
438 3576 503 3627 ⁷08:
521 3577 606 3628 001703
623 3571 666 3625 cd.
686 3571 800 3641 ubique.
816 3574 821 3640 Ι
837 3571 1016 3628 labendi-ed.
1072 3575 1107 3623 20
1125 3572 1213 3625 caelo-

198 3651 279 3713 taqee
297 3644 349 3697 LR
368 3645 530 3712 collectaque
548 3644 591 3697 ed.
660 3648 695 3696 28
713 3643 934 3715 supplementum
943 3641 1050 3699 lautu
1067 3641 1108 3694 77.
1121 3644 1241 3695 nausa,

200 3732 286 3783 quere
304 3715 436 3769 similiter
453 3714 570 3772 distinxi
589 3716 751 3789 sequentia,
771 3718 811 3775 od
830 3716 929 3789 suppl.
945 3732 972 3770 r.
1023 3726 1025 3729 ’
