2734 4159
587 327 770 383 AENlllDOS
789 329 802 382 Ι
1159 329 1203 397 65

183 498 321 557 mimicos
344 515 413 558 suos
437 495 589 575 Carthago
611 497 774 574 susciperet
797 503 901 558 contra
922 498 1045 559 Iunonis
1070 499 1203 559 studium

184 606 276 663 quam
295 585 419 646 colebat.
456 588 489 645 in
507 587 644 645 omnibus
662 589 757 664 igitur
775 588 926 647 celeritate
945 606 1017 663 opes
1035 589 1105 664 fuit,
1125 609 1202 665 quae

183 697 244 737 non
273 679 319 736 est
344 675 568 751 praetermissa3
606 695 676 735 nam
704 676 829 735 eandem
856 676 941 737 brevi
967 696 1102 737 sermone
1135 698 1204 739 con·

181 766 289 842 plexus
317 767 363 825 est
394 764 520 824 dicendo
547 768 581 823 ut
608 768 706 824 terrae
733 770 826 841 utque
854 784 949 826 novae
980 770 1105 842 pateant
1134 766 1204 828 Gar·

156 854 318 932 atheginis
345 873 427 914 arces
454 854 586 930 hospitio
610 854 739 915 Teucris.
784 859 880 914 terras
903 856 988 930 dixit,
1010 875 1048 916 ne
1071 858 1148 917 forte
1171 860 1204 916 in

182 943 357 1021 regionibus
388 942 578 1021 Carthaginis
611 947 664 1002 aut
695 946 730 1003 in
760 944 898 1003 litoribus
931 947 1053 1023 agentes
1081 946 1204 1005 [troiani

171 1037 372 1093 ‚vexarentur
406 1052 500 1092 novas
523 1052 606 1092 araas
629 1035 722 1092 etiam
740 1034 784 1092 sic
802 1035 974 1109 accipimus,
992 1053 1029 1092 ne
1049 1034 1088 1093 ad
1105 1035 1204 1110 ipsam

184 1121 400 1199 Carthaginem
426 1121 573 1199 incogniti
599 1124 753 1181 venientes
782 1122 908 1182 adversa
935 1126 1121 1199 paterentur,
1152 1124 1204 1183 sed

184 1212 284 1289 magis
306 1210 510 1286 reciperentur
530 1211 671 1286 hospitio.
717 1211 898 1271 Mercurium
922 1214 1038 1271 interea
1066 1212 1204 1272 celeriter

137 1322 168 1363 ro
182 1299 323 1360 definivit
346 1300 519 1360 obsecutum
542 1299 645 1359 iussis:
667 1302 754 1369 eolat,
778 1302 885 1377 inquit,
905 1319 961 1374 per
984 1319 1063 1361 aera.
1104 1305 1257 1377 atquetoo

183 1394 219 1450 ut
243 1392 322 1448 esset
343 1388 416 1448 fides
439 1389 556 1449 volasse
577 1408 631 1465 per
649 1408 721 1449 aera
738 1389 927 1468 Mercurium,
946 1390 1063 1450 addidit
1084 1391 1204 1464 remigio

182 1481 314 1539 alarum.
358 1478 449 1537 aliter
475 1481 554 1536 enim
582 1497 597 1535 e
626 1478 701 1537 caeli
728 1479 864 1555 partibus
897 1481 1005 1539 missus
1039 1480 1077 1539 ad
1108 1484 1204 1539 terras

182 1567 287 1628 venire
314 1586 375 1626 non
400 1571 515 1643 posset,
543 1566 603 1626 nisi
628 1568 756 1645 remigio
785 1568 902 1627 alarum
932 1569 1039 1629 fuisset
1071 1568 1205 1645 adiutus3

182 1676 246 1717 non
265 1658 345 1715 enim
362 1676 417 1731 per
433 1658 522 1715 inane
541 1657 619 1715 aeris
641 1657 767 1732 pedibus
790 1660 834 1715 ire
856 1658 965 1734 potuit.
1001 1660 1116 1719 fruetus
1139 1678 1204 1718 exe·

137 1769 166 1810 15
183 1748 315 1807 cutionis
337 1746 470 1821 inpletae
492 1749 527 1803 ut
549 1746 738 1805 manifestius
762 1750 933 1822 appareret,
959 1747 1070 1807 adiecit
1092 1754 1118 1807 et
1144 1751 1204 1807 tom

183 1839 269 1895 tressa
291 1836 364 1907 facit
381 1839 553 1907 ponuntque
574 1835 685 1906 ferocia
702 1836 794 1893 Poeur'
812 1837 909 1895 cordo.
944 1841 1068 1912 propter
1085 1838 1205 1897 Aeneae

183 1924 374 1985 commodum
410 1928 532 1999 repente
569 1943 605 1982 ex
641 1925 754 1984 ferocia
789 1926 821 1982 in
857 1925 1014 1984 lenitatem
1051 1927 1206 1985 hominum

184 2018 296 2073 natura
323 2015 465 2072 mutatur.
511 2013 628 2071 addidit
655 2015 767 2073 colente
793 2014 859 2082 deo,
892 2015 949 2073 hoc
982 2018 1027 2073 est
1054 2014 1125 2074 Iove
1157 2016 1205 2074 vel

186 2104 347 2174 llercuri03
384 2101 431 2159 illi
458 2102 538 2161 enim
565 2103 735 2162 naturalem
762 2103 905 2162 ferociam
936 2106 1058 2179 repente
1089 2102 1205 2163 abicere

138 2215 170 2255 ao
184 2212 246 2251 non
264 2196 396 2267 possent,
410 2193 470 2250 nisi
487 2193 699 2251 intervenisset
717 2194 853 2251 caelestis
873 2194 1047 2251 auctoritas.
1077 2193 1205 2252 secundo

185 2284 253 2341 loco
283 2282 379 2356 ipsius
408 2282 530 2356 reginae
560 2283 662 2355 posuit
691 2283 800 2356 partis,
834 2281 886 2340 sed
917 2282 973 2340 hoc
1004 2301 1041 2340 ne
1073 2282 1206 2341 notabile

185 2371 285 2443 fieret,
318 2374 353 2427 ut
386 2368 513 2428 secundo
545 2369 611 2429 loco
644 2370 748 2448 regina
780 2370 964 2445 placaretur,
996 2372 1040 2429 ait
1070 2372 1207 2445 inprimis

185 2462 299 2533 regiae.
349 2460 417 2534 ipsa
454 2460 565 2533 quippe
601 2461 699 2534 primo
736 2460 836 2518 fuerat
870 2459 1009 2518 lenienda
1044 2479 1121 2535 quae
1158 2461 1207 2520 vel

186 2550 291 2608 iubere
320 2548 436 2623 aliquid
462 2549 494 2605 in
522 2550 704 2607 contrarium
727 2550 827 2624 posset
850 2549 898 2607 vel
921 2552 1120 2627 emergentem
1143 2552 1206 2610 vio-

142 2639 315 2700 ualentiam
336 2656 391 2711 pro
414 2641 564 2712 potestate
587 2645 770 2712 conpescere.
808 2640 914 2711 accipit
936 2656 1005 2716 ergo
1028 2640 1061 2696 du
1081 2639 1208 2699 Teucros

186 2730 255 2803 ipsa
273 2728 412 2800 inprimis
431 2728 558 2798 quietum
577 2729 710 2784 animum
728 2732 905 2801 recentemque
923 2729 1086 2801 beuiguuru.
1117 2729 1207 2787 libra-

186 2820 233 2877 vit
255 2835 367 2893 magna
389 2814 592 2874 moderatione
610 2816 762 2893 Vergilius
787 2816 1037 2891 quemadmodum
1058 2818 1136 2877 hanc
1155 2836 1208 2893 po-

186 2909 274 2965 neret
300 2908 425 2979 partem.
476 2906 606 2980 ponunt,
638 2905 752 2980 inquit,
788 2906 899 2965 ferocia
931 2906 1022 2965 corda
1051 2906 1146 2966 Poeni
1178 2911 1209 2965 et

188 2996 343 3069 accipiunt
357 2996 492 3068 quietum
507 2996 640 3051 animum
653 2995 686 3051 in
701 2995 830 3054 Teucros
845 2998 875 3053 et
889 2995 1050 3073 benignam
1069 2998 1207 3055 mentem.

142 3107 173 3147 ao
187 3104 248 3144 non
265 3082 349 3142 dixit
376 3086 537 3158 coeperrmt
559 3102 660 3142 amare
684 3083 836 3158 Troianos,
856 3084 937 3159 quod
954 3084 1020 3142 fieri
1038 3085 1129 3144 semel
1147 3102 1208 3143 non

187 3175 322 3250 poterat,
350 3175 385 3229 ut
412 3172 515 3231 eodem
542 3174 686 3246 temporis
714 3176 825 3247 puncto
854 3176 884 3231 et
907 3175 1094 3232 ferocitatem
1116 3193 1208 3249 pone·

263 3365 278 3412 6
298 3360 404 3429 ageretis
414 3360 466 3411 LR
476 3378 493 3413 a
504 3358 682 3430 gentibused.
731 3364 763 3411 10
778 3360 987 3429 irequitLRr'tte
998 3359 1040 3414 ed.
1058 3362 1061 3429 Ι
1077 3376 1208 3429 maguum

189 3432 255 3485 add.
272 3431 314 3484 ed.
382 3436 413 3482 11
435 3431 606 3485 Mercurium
621 3428 672 3481 th
691 3447 820 3500 maguum
839 3431 882 3484 ed.
947 3436 979 3484 12
999 3447 1012 3484 e
1030 3447 1166 3499 superscr.
1186 3431 1207 3483 L

188 3520 244 3556 om.
265 3502 290 3554 R
308 3501 351 3555 ed.
373 3502 437 3555 add.
456 3500 492 3557 r'.
581 3505 613 3552 13
632 3501 730 3566 fuisset
748 3516 801 3554 om.
821 3503 864 3555 ed.
954 3508 985 3555 17
1006 3508 1137 3570 repetente
1156 3502 1209 3555 th

188 3592 259 3628 corr.
280 3573 323 3626 ed.
434 3579 467 3626 18
490 3578 595 3626 reaturo
616 3577 740 3625 mutatur
762 3572 814 3624 LR
837 3574 921 3628 corde
944 3579 1088 3627 ructaretur
1110 3573 1152 3626 ed.

189 3651 224 3700 25
249 3661 404 3712 conpescere
430 3645 531 3712 occipit
555 3643 607 3696 LR·
633 3642 738 3698 lemma
764 3643 903 3717 interpos.
928 3645 992 3714 ed,
1017 3644 1103 3713 duod.
1122 3642 1230 3712 poturae

189 3716 371 3783 sequentibus
388 3716 556 3771 continetur.
633 3721 668 3772 30
688 3720 769 3776 semel
788 3718 847 3775 hit
866 3720 955 3777 simut
973 3719 1027 3774 od.-

228 3810 285 3848 Bon.
300 3812 395 3859 imm·
415 3814 482 3865 Verg-
507 3818 586 3863 vell,
1015 3814 1037 3863 b
