2734 4159
558 344 741 400 AENEIDOS
757 346 799 400 111
1125 347 1188 411 287

173 514 314 591 petrandi
337 515 461 574 alterius
484 516 619 590 responsi
637 516 815 575 necessitate
834 518 951 594 cogaris
969 516 1092 591 intrare,
1110 516 1191 575 ultro

175 623 251 680 quae
271 604 419 663 desideras
439 604 548 680 Apollo
567 606 707 679 porrexit.
737 604 829 663 habes
848 606 979 664 numinis
998 608 1060 665 eius
1080 606 1192 684 grande

174 693 386 769 conpendium,
414 696 448 752 ut
474 693 523 751 hio
551 693 636 753 nobis
662 693 861 753 referentibus
889 694 985 754 discas
1014 695 1095 770 quod
1124 714 1190 753 cum

173 784 289 859 ingenti
312 781 449 841 laborum
472 784 589 841 iactura
611 784 711 842 fueras
736 784 921 861 cogniturus.
967 802 1033 843 ecce
1062 787 1192 859 quantus

147 890 247 949 eergo
268 874 298 929 te
322 873 452 930 numinis
471 873 571 930 favor:
594 890 760 950 nonroges
779 874 810 931 et
827 873 946 932 favetur
965 872 1110 932 desiderio
1129 876 1192 948 tuo,

173 979 234 1020 non
261 961 401 1037 navigas,
429 960 534 1020 domus
562 979 680 1036 quoqne
708 981 768 1020 non
796 961 944 1039 egrederis
972 962 1065 1020 limen
1091 965 1121 1020 et
1143 962 1192 1020 dei

173 1052 256 1108 iussa
269 1049 485 1109 famulantibus
500 1050 558 1108 diis
574 1050 610 1107 ad
626 1052 707 1109 auris
726 1053 794 1110 tuas
813 1052 1005 1126 animumque
1024 1053 1191 1127 portantur.

173 1157 251 1215 pone
273 1140 364 1197 istam
388 1158 448 1213 qua
465 1139 583 1199 vexaris
602 1140 821 1216 cogitationum
838 1140 948 1199 molem
966 1143 997 1200 et
1016 1141 1068 1216 qui
1087 1142 1190 1215 loqua-

173 1247 243 1286 mur
271 1227 379 1302 quidve
408 1229 570 1287 referamus
597 1228 731 1287 adverte:
762 1248 817 1288 nos
839 1233 866 1288 te
888 1230 1050 1289 Dardania
1072 1232 1192 1289 incensa

132 1338 159 1377 ro
173 1322 281 1391 tueque
305 1335 390 1375 armo
413 1320 510 1385 secuti,
533 1335 587 1376 reos
610 1318 755 1377 turoldum
772 1320 826 1377 sub
845 1323 871 1377 te
882 1321 1033 1393 permensi
1051 1319 1192 1377 elassibus

173 1423 283 1479 aequor
310 1408 386 1465 idem
413 1410 549 1465 uenturos
574 1407 706 1466 tollemus
727 1411 760 1466 ie
782 1411 865 1467 estre
886 1411 1003 1482 nepotes
1025 1409 1191 1480 imperium

173 1514 228 1569 que
250 1496 318 1553 urbi
340 1496 490 1554 ueteres:
514 1500 546 1554 te
563 1498 678 1555 moenie
696 1499 813 1570 mugnis
830 1515 940 1571 meyero
952 1514 1035 1571 pere
1054 1499 1246 1571 longum-160

173 1602 228 1659 que
250 1587 339 1657 fugae
361 1604 398 1643 ree
421 1586 519 1658 ltaque
542 1586 676 1644 laborem.
714 1588 784 1661 post
802 1606 931 1645 errorem
948 1586 1040 1661 primi
1057 1587 1192 1661 responsi

174 1677 217 1734 sic
235 1673 357 1732 Aenean
380 1676 490 1734 instrui
513 1677 705 1749 convenerat,
730 1677 765 1734 nt
788 1677 870 1734 omni
893 1676 1090 1753 ambiguitate
1113 1692 1190 1733 sum-

132 1782 158 1823 is
173 1766 256 1822 mota
275 1767 305 1821 et
323 1764 376 1838 qui
394 1764 587 1838 loquerentur
606 1767 635 1823 et
656 1783 731 1839 quae
745 1765 890 1823 referrent
904 1764 1057 1823 evidenter
1074 1763 1192 1823 audiret

174 1856 205 1912 et
233 1856 373 1911 cerneret.
419 1852 522 1911 debuit
550 1854 629 1911 enim
656 1852 695 1911 ad
717 1853 790 1912 haee
812 1853 988 1928 perferenda
1010 1852 1118 1911 talium
1141 1852 1192 1910 ad-

172 1942 268 2001 hiberi
296 1960 436 2017 persona,
463 1944 498 2000 ut
525 1942 713 2001 incredibilia
741 1946 771 2001 et
798 1944 875 2001 mira
901 1942 1025 2002 dictmr's
1048 1941 1190 2001 facillime

174 2030 349 2091 crederetur.
388 2030 515 2106 denique
538 2033 598 2107 ipsi
617 2035 793 2090 enumerant
809 2031 953 2090 beneficia
971 2049 1025 2089 sua
1044 2035 1075 2090 et
1092 2032 1191 2089 novis-

173 2122 247 2179 sime
280 2121 371 2178 etiam
403 2122 567 2195 praesentis
599 2123 743 2196 temporis
776 2122 892 2180 sociant
928 2123 1192 2179 commemorantes

132 2230 159 2269 ne
174 2211 338 2286 praeterita
366 2228 400 2267 ac
428 2210 553 2269 meliora
579 2211 611 2267 in
638 2212 775 2268 futurum
802 2213 832 2269 et
861 2210 988 2287 grandia
1016 2209 1191 2285 pollicentes

173 2299 331 2373 nepotibus
355 2301 386 2357 et
409 2317 510 2357 eorum
533 2299 661 2375 posteris
684 2300 851 2374 profutura.
886 2301 929 2358 sie
948 2300 1027 2356 enim
1046 2301 1077 2357 et
1094 2299 1191 2374 primo

174 2388 283 2463 Apollo
301 2389 365 2463 ipse
384 2387 533 2462 praedixit
552 2380 638 2469 (97):
657 2389 724 2462 „hie
743 2387 848 2446 domus
866 2388 985 2447 Aeneae
1004 2389 1120 2446 cunctis
1140 2388 1191 2446 do·

172 2476 337 2535 minabitur
360 2477 419 2535 oris
444 2481 474 2536 et
496 2479 562 2535 nati
580 2479 720 2536 natorum
743 2480 774 2535 et
796 2478 849 2552 qui
867 2479 1026 2535 nascentur
1045 2476 1083 2535 ab
1101 2474 1190 2535 illis“.

172 2566 334 2624 hortantur
366 2568 439 2640 quin
471 2567 563 2623 etiam
595 2586 632 2624 ne
664 2568 705 2625 sit
736 2565 848 2625 laboris
882 2566 1031 2641 inpatiens
1064 2568 1095 2624 et
1127 2569 1192 2624 arte

132 2678 158 2719 25
173 2655 299 2713 mirifica
323 2658 494 2731 conponunt
518 2658 580 2713 eins
604 2657 746 2728 animum,
766 2657 802 2712 ut
824 2656 927 2713 futura
949 2656 1085 2730 quamvis
1108 2654 1191 2714 labo-

173 2746 254 2803 riosa
286 2744 413 2802 libenter
446 2743 570 2803 audiret.
618 2746 691 2802 artis
723 2745 817 2821 igitur
848 2745 907 2802 fuit
939 2743 1092 2803 excludere
1121 2748 1191 2802 ante

175 2835 275 2891 omnia
298 2832 529 2892 sollicitudinem
551 2836 681 2909 primam
705 2837 736 2892 et
758 2833 885 2892 liberato
908 2833 1071 2911 angoribus
1091 2836 1191 2892 animo

174 2924 216 2981 sic
236 2922 359 2980 alterins
378 2922 580 3000 navigationis
599 2922 716 2981 labores
734 2924 878 2999 ingerere.
915 2922 1042 2997 denique
1062 2925 1191 2999 purgato

174 3011 212 3068 ad
239 3012 362 3086 plenum
390 3010 509 3070 adflicto
538 3010 650 3069 dudum
678 3011 863 3070 maeroribus
890 3010 976 3070 corde
999 3011 1136 3070 facienda
1159 3013 1191 3070 in

246 3241 261 3287 2
280 3236 401 3290 concinis
419 3235 470 3287 LR
489 3235 532 3288 ed.
552 3236 677 3289 numinis
694 3253 709 3288 r
729 3234 847 3288 inferius
865 3234 935 3287 item
952 3233 1003 3286 ubi
1022 3249 1091 3287 corr.
1111 3234 1154 3288 ed.

174 3308 305 3361 delemus
324 3306 377 3359 LR
396 3307 474 3360 domo
494 3306 537 3359 ed.
607 3311 771 3375 tportetur
789 3305 841 3358 th
859 3305 901 3359 ed.
967 3306 1045 3358 ahie
1063 3306 1121 3358 iam
1139 3304 1192 3357 LR

172 3379 217 3432 bie
231 3380 249 3432 i.
263 3396 278 3431 r
296 3380 368 3432 banc
381 3380 400 3431 e'.
416 3378 458 3432 ed.
475 3379 556 3432 istam
574 3394 634 3430 nos.
651 3381 656 3448 Ι
676 3380 726 3446 qui
744 3378 888 3445 loquamur
901 3376 954 3430 LR
968 3376 1036 3444 quid
1051 3376 1068 3428 l.
1083 3392 1097 3427 r
1111 3375 1154 3428 ed.

174 3455 206 3503 11
223 3450 343 3504 tollimus
356 3449 381 3502 R
396 3466 465 3502 corr.
475 3467 496 3501 r.
554 3454 587 3502 15
602 3455 627 3503 et
640 3449 751 3517 quibit
764 3454 796 3502 ut
809 3449 858 3516 qai
871 3448 914 3501 ed.
929 3454 962 3501 ut
976 3447 1030 3501 del.
1041 3447 1084 3501 ed.
1095 3450 1168 3516 poet.
1186 3448 1188 3518 l

173 3522 326 3589 loqueretur
344 3520 395 3573 LR
416 3538 483 3574 corr.
502 3538 517 3573 r
536 3519 579 3574 ed.
605 3520 609 3592 l
639 3522 762 3575 audisset
779 3520 811 3575 R.
890 3524 922 3573 18
941 3518 1154 3574 novisanam.

173 3598 204 3645 21
227 3593 353 3661 postibus
376 3591 428 3644 LR
456 3593 599 3661 nepotibus
621 3610 635 3643 r
662 3593 815 3646 viventebus
838 3592 893 3644 fuis
916 3590 959 3644 ed.
984 3594 1044 3660 (pro
1068 3591 1124 3645 tuis
1147 3590 1189 3643 ed.

171 3666 244 3733 post.
266 3666 341 3733 tum).
429 3670 463 3717 24
481 3665 608 3717 hortatur
626 3662 679 3716 LR
697 3680 767 3716 corr.
787 3662 830 3716 ed.
917 3668 951 3715 28
969 3664 1009 3717 ce'c
1028 3662 1081 3715 La
1099 3664 1125 3716 si
1142 3662 1191 3714 cdl

172 3752 226 3790 om.
246 3734 312 3789 eds.
387 3740 420 3788 29
440 3740 465 3788 et
483 3736 594 3802 adflicto
613 3734 666 3789 th
684 3736 728 3788 ed.
748 3740 773 3789 et
791 3733 889 3788 delevi.
