2734 4159
598 285 781 341 AENEIDOS
800 287 813 342 I
1172 288 1213 352 15

195 459 278 533 iunx,
298 460 372 518 natu
393 458 499 533 maior,
520 456 627 536 regina
649 456 782 535 deorum,
799 475 867 518 cum
890 456 1001 517 iniuria
1023 456 1122 516 samoe
1140 475 1212 518 suae

197 547 332 608 obtinere
358 546 535 624 nequiverit.
588 564 696 606 causae
723 565 793 625 ergo
820 548 934 605 iramm
961 546 1095 621 fuerunt,
1123 547 1214 605 sicuti

196 638 311 697 dictum
338 640 396 711 est,
423 637 456 695 in
482 635 594 695 iudicio
622 636 696 695 meli
723 637 807 694 aurei
836 635 926 694 duae:
957 654 1019 694 una
1050 636 1122 711 quia
1153 655 1214 696 uon

196 727 341 801 obtinuit,
368 727 464 785 altera
490 726 563 802 quie
591 725 747 801 pulchrior
772 724 906 784 iudicate
936 728 982 784 est
1007 724 1117 783 Venus.
1167 725 1215 783 irs.

167 818 329 893 spertinet
355 815 394 875 ad
420 814 507 873 illam
533 817 664 890 partem,
697 815 769 890 quia
795 831 855 873 non
882 815 969 888 vicit,
1001 815 1083 873 saevi
1113 815 1214 873 autem

195 905 315 964 dolores
328 904 368 968 ad
384 905 527 964 iniuriam
545 904 660 963 formae
677 906 865 963 revocantur.
907 904 1082 981 gravissime
1102 904 1214 979 quippe

195 996 326 1054 feminee
349 992 547 1066 offenduntur,
571 994 597 1052 si
619 992 724 1052 foedae
746 992 924 1051 iudicentur.
970 991 1098 1068 denique
1121 994 1215 1051 satiat

194 1086 294 1161 ipsam
325 1084 443 1159 partem
469 1081 621 1160 Vergilius
654 1081 779 1141 dicendo
811 1083 914 1140 manet
946 1081 1008 1141 alte
1041 1083 1141 1139 mente
1167 1100 1213 1140 re-

195 1175 317 1250 postum
348 1170 494 1231 iudicium
522 1170 640 1231 Paridis
673 1174 849 1247 spretaeque
880 1170 993 1229 iniuria
1021 1170 1147 1244 formae,
1179 1173 1215 1229 ut

155 1281 256 1322 ronon
288 1263 408 1320 tantum
439 1260 518 1319 irata
549 1260 689 1320 videatur
718 1260 798 1335 quod
827 1261 909 1320 victa
936 1262 981 1319 est
1008 1262 1154 1334 quantum
1180 1260 1214 1317 in

194 1351 253 1410 illa
279 1352 366 1426 parte
393 1368 470 1425 quae
501 1349 541 1409 ad
572 1350 716 1408 iniurium
747 1350 861 1408 formae
887 1348 1066 1425 pertinebat.
1112 1351 1214 1407 manet

194 1458 267 1519 ergo
300 1439 380 1515 quod
411 1439 488 1497 dixit
520 1438 558 1498 ed
590 1440 692 1498 omnia
719 1439 864 1515 pertinet,
894 1440 1048 1515 repostum
1074 1456 1145 1497 vero
1175 1437 1215 1496 ed

194 1529 341 1588 iudicium
372 1527 504 1603 Paridis,
540 1528 685 1588 iudicium
721 1527 836 1587 sufficet
872 1531 1045 1604 corruptum
1079 1526 1214 1587 libidinis

194 1619 344 1695 praemio,
367 1616 484 1677 Paridis
512 1636 583 1677 vero
610 1619 653 1678 sio
677 1616 892 1694 accipiendum,
918 1621 952 1676 ut
976 1618 1142 1677 convicium
1165 1619 1214 1693 sit,

155 1727 257 1769 1anou
279 1707 409 1767 hominis
432 1726 554 1780 nomen,
581 1706 696 1767 seilicet
723 1707 810 1783 quasi
832 1706 955 1781 abiecti,
982 1710 1069 1785 qussi
1091 1706 1214 1781 venalis,

196 1797 285 1874 quasi
316 1796 450 1873 vulgaris
482 1798 513 1854 et
544 1795 703 1856 inhonesti.
753 1798 855 1855 manet
886 1797 951 1855 alta
977 1801 1075 1856 mente
1102 1795 1215 1855 iniuria

195 1888 325 1945 formae:
348 1884 487 1944 hocloco
506 1884 640 1944 doctores
660 1885 823 1960 falluntur3
841 1904 912 1945 nam
929 1885 1054 1944 tradunt
1071 1885 1214 1942 iniuriam

196 1976 312 2035 formae
335 1973 378 2033 sio
396 1975 542 2033 extitisse:
566 1974 671 2033 dicunt
690 1976 769 2033 enim
787 1973 973 2053 Antigonam
986 1973 1101 2031 Priami
1118 1971 1214 2031 filiam

195 2066 365 2141 ingressam
393 2062 516 2122 Iunonis
549 2063 696 2139 templum
727 2063 855 2122 formam
887 2063 1019 2138 corporis
1052 2062 1099 2119 sui
1127 2078 1212 2137 prae·

155 2153 303 2214 retulisse
326 2151 484 2213 simulacro
508 2151 588 2211 deae.
636 2151 716 2226 quod
738 2154 844 2211 contra
866 2154 924 2226 est;
946 2169 1016 2210 nam
1038 2149 1145 2209 melius
1169 2152 1216 2209 est

196 2241 371 2319 intellegere
400 2240 481 2316 quod
508 2239 660 2319 Vergilius
688 2239 779 2299 habet
811 2259 902 2315 quam
933 2238 1070 2299 fabulosa
1097 2240 1213 2311 sectari,

200 2335 233 2390 ut
260 2331 373 2389 iniuria
400 2330 514 2389 formae
537 2329 654 2389 Paridis
682 2330 736 2404 sit,
763 2349 823 2398 non
845 2327 1024 2406 Antigonae.
1071 2327 1154 2387 addit
1184 2331 1216 2387 et

196 2437 291 2499 genus
308 2418 448 2494 invisum,
466 2422 502 2477 ut
520 2419 559 2478 ad
581 2419 778 2495 principalem
802 2436 922 2478 causam
945 2418 1090 2497 gementis
1114 2420 1215 2477 aestus

195 2508 364 2583 reduceret,
397 2511 427 2567 et
453 2509 535 2584 rupti
562 2506 744 2584 Ganymedis
772 2507 912 2582 honores,
943 2509 1103 2583 propterea
1135 2506 1214 2583 quod

156 2619 183 2659 rs
196 2600 330 2675 turpiter
356 2600 473 2657 amatis
497 2598 538 2657 sit
561 2615 580 2655 a
601 2596 681 2656 Iove.
720 2596 864 2657 hocloco
887 2597 1007 2656 foedum
1030 2599 1076 2656 est
1097 2596 1214 2655 intelle·

198 2707 269 2767 gere
293 2687 416 2764 aliquid>
432 2687 468 2745 de
491 2686 612 2746 zodiaco
637 2686 749 2745 circulo
769 2685 801 2744 in
820 2704 879 2761 quo
898 2684 1085 2762 Ganymedes
1103 2686 1216 2745 dicitur

198 2778 385 2851 conlocatus,
411 2796 449 2835 ne
476 2777 603 2836 infames
632 2779 663 2835 et
691 2775 855 2834 effeminati
881 2776 960 2834 inter
987 2778 1092 2835 sancta
1116 2775 1216 2834 sidera

196 2868 392 2926 numerentur
414 2869 445 2924 et
467 2866 630 2925 sentiemus
654 2864 734 2941 quod
756 2867 847 2940 poeta
870 2883 931 2924 non
954 2864 1039 2924 dixit
1078 2865 1215 2940 esposuit

198 2956 295 3016 omnis
328 2972 432 3015 causes
470 2957 501 3012 et
537 2954 667 3013 ostendit
703 2953 856 3014 universos
893 2954 1006 3014 alienas
1044 2954 1080 3013 ab
1112 2953 1216 3012 Aenea

158 3049 303 3121 noctque,
334 3046 370 3102 ut
402 3044 548 3119 posterius
576 3043 672 3103 dictas
701 3043 870 3103 ostenderet
896 3043 1067 3116 incidentis,
1097 3045 1142 3101 ait
1166 3042 1213 3100 his

197 3151 322 3194 accensa
344 3150 441 3205 super,
468 3133 524 3191 hoo
552 3136 597 3191 est
619 3134 666 3192 his
691 3151 814 3192 accensa
836 3151 925 3209 super
947 3133 1033 3192 illam
1055 3150 1132 3207 quae
1155 3132 1216 3189 fuit

197 3226 322 3300 propter
340 3221 486 3281 excidium
505 3219 704 3300 Carthaginis.
742 3224 773 3281 et
789 3221 864 3280 bene
882 3221 959 3280 dixit
977 3238 1112 3297 accensa3
1134 3220 1215 3296 ignis

272 3397 287 3445 7
306 3392 385 3458 foede
402 3390 455 3444 LIt
472 3392 568 3455 foedae
585 3409 600 3444 r
619 3390 662 3444 ed.
719 3396 752 3443 12
771 3397 907 3461 repostam
925 3407 986 3445 ecre
1005 3391 1042 3444 od
1060 3404 1113 3441 om.
1133 3388 1177 3442 ed.

198 3470 232 3519 lo
247 3464 351 3519 seilicet
360 3494 392 3503 -
405 3468 438 3516 16
453 3463 590 3517 intonasti
603 3461 760 3516 omittendo
774 3465 804 3516 et
817 3460 1016 3530 interpolando
1030 3459 1156 3528 corrupit
1169 3459 1214 3514 ed.

254 3540 288 3589 18
307 3535 427 3589 extitisse
446 3549 499 3587 om.
519 3533 562 3587 ed.
645 3538 679 3585 22
699 3533 771 3588 adde
789 3533 832 3587 ed,
912 3538 946 3586 26
965 3533 998 3587 de
1016 3532 1142 3587 dwdiaoo
1161 3530 1216 3584 LB.

199 3624 269 3661 corr.
284 3623 300 3659 1
313 3605 356 3658 ed.
413 3610 447 3727 233
461 3611 639 3660 numerentur
653 3603 706 3657 LR
724 3605 781 3658 sim
794 3606 933 3660 numerati
947 3602 994 3659 ed.
1047 3606 1164 3657 *tu-‘st
1174 3603 1230 3654 isis

198 3693 313 3733 aecem
332 3692 385 3730 om.
406 3691 447 3729 e.
