2734 4159
473 343 476 351 .
575 301 758 358 acuamus
776 301 816 357 III
1143 303 1210 369 303

190 478 316 547 apparet
340 476 432 545 tluau
457 489 612 532 mammosa
634 472 798 547 mapulas
819 472 1046 547 Dulichiumque
1068 472 1210 549 Sameque

189 566 218 622 et
238 562 358 621 Neritos
379 563 479 622 arelua
501 564 593 621 saxu.
638 562 849 622 nonnullarum
872 563 1037 621 insularum
1063 582 1123 621 non
1150 564 1210 622 luit

189 670 309 711 necesse
335 651 434 710 facere
461 651 656 725 mentionem,
682 651 878 711 inveniuntur
904 654 984 709 enim
1014 670 1076 711 asse
1109 671 1209 728 super-

187 741 281 815 fluae,
313 740 366 799 sed
393 740 432 799 ad
459 739 640 799 necessarias
668 742 768 799 venire
796 758 856 799 non
884 742 998 816 potuit,
1030 741 1089 799 nisi
1117 743 1209 801 etiam

159 851 174 891 s
187 831 260 890 illas
273 830 407 889 narratio
422 831 596 888 contineret.
628 831 784 903 effupimua
796 829 929 903 scopulos
941 830 1071 898 Ithacae,
1085 830 1209 889 Laertia

187 936 296 993 repra,
326 924 353 977 ei
379 923 489 977 terram
516 918 647 978 almicem
678 920 759 978 saeui
789 934 959 977 execramur
992 919 1097 979 Uliais.
1143 937 1209 979 ecce

187 1010 328 1084 pervenit
355 1007 394 1066 ad
422 1027 488 1067 eam
516 1024 621 1067 revera
649 1026 741 1082 quam
769 1026 799 1067 sa
830 1026 865 1066 ac
897 1026 966 1067 suos
999 1007 1211 1086 gratulabatur

187 1098 334 1170 evasisse,
366 1097 426 1155 fuit
453 1099 533 1156 enim
560 1097 679 1156 hostilis
708 1099 739 1155 et
762 1114 838 1171 quae
861 1095 980 1155 Ulixem
1002 1096 1210 1156 saevissimum

187 1187 342 1245 nutrisset.
387 1204 454 1245 mou
481 1191 509 1244 et
530 1186 680 1245 Leucatae
706 1186 840 1245 aimbosa
867 1188 1021 1245 cacumina
1046 1189 1152 1246 mouile
1175 1192 1262 1245 etilo

144 1296 171 1336 ιο
186 1275 367 1350 formidatus
388 1278 489 1334 nautis
512 1277 645 1348 operitur
666 1271 782 1347 Apollo.
827 1272 923 1349 [bama
939 1277 1069 1349 petimus
1091 1277 1162 1349 fessi
1185 1280 1211 1335 el

180 1380 301 1439 paruae
331 1364 513 1424 succedimus
544 1365 625 1432 urbi,
658 1381 769 1424 aucora
796 1365 832 1423 de
854 1382 949 1437 prora
977 1367 1099 1433 iactum,
1131 1368 1211 1425 aaut

187 1455 274 1512 litore
295 1451 439 1529 puppes]
483 1453 624 1512 videntur
648 1452 723 1513 haec
746 1472 813 1511 cum
837 1454 939 1529 aliqua
961 1456 1078 1513 ratione
1101 1456 1209 1530 posita,

188 1543 276 1617 quia,
305 1560 372 1601 cum
395 1544 474 1602 esset
495 1542 694 1602 formidabilis
717 1544 830 1616 nautis,
853 1543 917 1602 illic
941 1543 1077 1617 Troiani,
1099 1544 1208 1621 fatiga-

187 1631 282 1691 tionis
310 1631 486 1691 necessitate
517 1632 654 1708 conpulsi
680 1652 749 1691 cum
776 1634 934 1707 ponerent,
963 1636 1142 1707 oportunam
1164 1652 1208 1690 re·

143 1722 352 1782 refectionem
373 1720 551 1794 habuerunt,
573 1740 667 1797 usque
692 1721 765 1779 adeo
788 1722 892 1780 uthis
916 1724 948 1780 et
968 1722 1098 1781 facultas
1120 1724 1208 1781 sacri-

187 1810 299 1869 ficandi
318 1809 376 1869 diis
396 1812 563 1869 occurreret
581 1813 612 1869 et
629 1812 662 1868 in
679 1810 823 1869 honorem
841 1810 1002 1887 Apollinis,
1021 1812 1104 1869 cuius
1123 1813 1209 1871 tanta

186 1898 334 1958 beneficia
356 1898 535 1974 habuerunt,
559 1899 638 1958 ludis
662 1899 832 1958 exercendis
855 1900 978 1958 daretur
1001 1902 1125 1959 occasio.
1164 1901 1208 1958 id·

187 1990 268 2048 circo
292 1989 394 2062 posuit
418 2006 483 2061 erpo
506 1992 658 2061 insperata
680 1990 797 2048 laudem
815 1990 916 2049 tellure
929 1992 1016 2063 politi
1035 1989 1209 2049 lustramur-

186 2094 244 2152 que
252 2078 320 2135 Ioui
333 2081 462 2151 cousque
474 2080 657 2137 iucmelimus
671 2095 744 2136 aras
752 2075 895 2151 Actiaque
904 2080 1013 2138 Iliacis
1023 2080 1200 2137 celebramus
1210 2086 1262 2135 280

141 2188 171 2229 sc
185 2169 278 2227 litora
296 2167 383 2225 luetis.
412 2164 434 2242 [
432 2171 561 2226 exerceat
572 2169 694 2241 patrias
712 2168 771 2225 oleo
790 2167 902 2227 labeute
915 2169 1085 2241 palaestras
1103 2169 1208 2227 uuelati

184 2258 272 2325 soca,
300 2258 384 2315 iurat
411 2258 537 2316 euasisse
564 2260 604 2315 lot
629 2258 713 2315 urbis
735 2254 892 2330 Arpolicas
919 2257 1083 2330 mediosque
1105 2258 1209 2331 sapam

184 2346 315 2405 tenuisse
337 2364 394 2418 per
415 2344 537 2421 hostisJ:
568 2344 682 2403 dictum
705 2347 835 2404 estium
858 2364 934 2422 quae
957 2346 1048 2404 fuerit
1069 2346 1208 2405 ludorum

185 2452 287 2507 causa,
306 2434 379 2494 dicit
398 2453 516 2509 quoque
536 2435 647 2511 qualeS,
668 2454 706 2493 ne
726 2434 762 2492 ob
781 2435 929 2493 luxuriem
948 2436 1023 2494 facti
1040 2436 1208 2510 videantur,

185 2524 261 2601 quia
283 2524 371 2582 victis
395 2526 425 2582 et
447 2524 526 2582 male
548 2523 811 2603 peregrinantibus
835 2543 896 2583 non
919 2524 1103 2601 congruebat
1126 2543 1207 2584 exar-

141 2634 170 2675 21
185 2630 253 2672 cere
277 2612 412 2689 vulgaris
436 2615 467 2671 et
487 2613 594 2688 turpis.
634 2632 725 2672 causa
747 2614 843 2689 igitur
861 2611 1105 2671 celebrandorum
1123 2614 1207 2673 ludo·

184 2722 254 2761 rum
281 2702 342 2759 fuit
371 2720 447 2777 quae
474 2704 519 2761 est
546 2702 748 2762 sacrificandi:
785 2704 870 2760 iuvat
898 2703 1027 2761 evasisse
1054 2705 1101 2763 tot
1123 2704 1206 2762 urbis

184 2789 346 2868 Argolicas
373 2790 545 2868 mediosque
573 2792 680 2870 fugam
707 2793 837 2850 tenuisse
866 2811 920 2866 per
946 2791 1054 2865 hostis3
1092 2811 1127 2850 ac
1154 2812 1208 2867 per

184 2880 243 2939 boc
267 2882 459 2939 conservatae
483 2881 590 2940 salutis
613 2881 778 2957 gratulatio
802 2880 869 2954 fuit,
889 2881 969 2956 quod
986 2880 1106 2939 hostilis
1124 2882 1207 2940 urbis

186 2968 396 3045 magnitudine
409 2971 541 3044 potentis
557 2973 587 3027 et
605 2989 693 3045 quam
714 2970 860 3045 plurimas
878 2989 1001 3028 numero
1020 2971 1081 3028 tuti
1099 2972 1207 3029 securi-

141 3078 245 3134 eoque
269 3059 455 3117 transissent.
501 3058 561 3133 ipsi
584 3078 702 3134 quoque
725 3059 790 3117 ludi
813 3060 1020 3117 convenientes
1047 3059 1120 3118 vin's
1147 3060 1206 3117 for-

185 3147 282 3220 tibus,
315 3149 465 3221 exerccnt,
497 3147 610 3223 inquit,
643 3149 759 3222 patrias
792 3148 856 3206 oleo
889 3148 1008 3206 labente
1040 3148 1206 3223 palaestras

185 3236 295 3296 nudati
331 3237 412 3295 socii.
462 3238 494 3294 in
526 3236 579 3295 illc
612 3238 780 3311 spectaculo
818 3239 940 3296 amatis
978 3238 1038 3295 fuit
1073 3237 1207 3311 artisque

261 3410 274 3458 1
300 3406 485 3475 deliciumque
505 3406 564 3459 LR.
595 3409 599 3474 Ι
632 3406 758 3475 facieque
781 3407 813 3459 R.
906 3413 921 3459 6
945 3408 1068 3461 ultricem
1091 3407 1150 3460 LR.

187 3484 221 3531 10
240 3478 359 3531 leuuc-
370 3483 403 3530 12
420 3495 527 3547 puppes
546 3478 626 3530 deest
641 3477 670 3529 in
684 3477 745 3543 LR,
760 3478 810 3531 sed
825 3477 989 3546 explicetur.
1047 3484 1079 3531 12
1098 3479 1207 3532 uidetur

186 3549 239 3602 LR
259 3564 328 3603 corr.
349 3547 392 3600 ed.
494 3554 526 3601 15
545 3549 589 3603 au
606 3548 628 3600 L
645 3548 690 3602 bic
709 3548 741 3602 R.
840 3555 873 3602 20
893 3555 1058 3603 emerceut—
1070 3554 1103 3601 22
1123 3551 1207 3603 lactis

185 3620 286 3675 addidi
312 3619 410 3672 eadem
434 3620 534 3673 ductus
552 3619 662 3673 ratione
682 3636 739 3687 qua
759 3628 783 3686 1,
798 3626 840 3674 25.
950 3626 983 3674 23
1004 3622 1141 3675 lusoriam
1154 3620 1216 3671 isit

186 3694 326 3748 luxuriem
344 3708 359 3742 r
377 3692 459 3745 riam
478 3692 519 3745 ed.
594 3697 628 3746 32
648 3696 826 3764 expectaculo
842 3694 881 3750 R.
