2734 4159
606 345 788 401 AENEIDOS
808 347 820 400 Ι
1178 346 1219 411 91

205 516 300 573 victus
321 533 437 590 semper
456 516 669 590 copiosissima.
703 519 741 590 et,
761 517 833 591 quia
852 516 908 576 hoe
926 517 1044 595 signum
1064 516 1221 575 constabat

205 603 325 663 Iunonis
349 604 490 681 suffragio
515 604 764 677 demonstratum,
787 607 846 673 bic,
868 605 980 681 inquit,
1007 607 1144 679 templum
1166 606 1221 667 Ia-

204 696 273 751 ccei
299 694 402 767 iacens
424 692 549 752 Sidonio
572 694 652 751 Dido
679 694 825 753 caedebat.
872 695 1007 769 oportuit
1031 696 1110 753 enim
1134 695 1220 754 deam

204 781 232 839 in
261 800 295 840 eo
324 782 390 840 loco
418 782 526 841 habere
555 782 795 842 honestissimam
819 783 917 841 sedern
939 786 971 841 in
996 802 1054 858 quo
1077 786 1219 843 virtutem

182 889 272 930 esuae
306 872 473 930 maiestatis
505 871 683 931 ostenderat.
731 872 888 944 condebat,
925 872 1037 948 inquit,
1074 874 1220 948 templum

204 959 280 1019 Dido
310 963 352 1032 et,
380 963 448 1019 tum
475 961 606 1019 nondum
634 962 821 1036 perfecisset,
849 963 936 1019 tanta
963 964 1023 1020 iam
1051 965 1219 1021 reverentia

203 1049 368 1123 colebatur,
401 1053 435 1108 ut
462 1052 492 1108 et
520 1049 604 1108 donis
633 1050 871 1125 copiosissimum
899 1054 977 1109 esset
1004 1052 1034 1108 et
1066 1050 1132 1109 dea·
1153 1054 1219 1125 ipsa

202 1157 341 1212 praesens
365 1156 427 1196 esse
447 1140 627 1197 crederetur:
651 1143 809 1214 propterea
828 1140 929 1214 posuit
948 1141 1034 1213 eloam
1052 1139 1217 1212 opulentam

202 1232 225 1285 et
261 1230 383 1286 eramiae
419 1229 516 1295 dioec,
554 1246 638 1287 ocrea
672 1231 721 1287 cai
750 1230 894 1303 proditus
925 1230 1083 1302 serpebant
1114 1230 1219 1287 limiae

169 1334 347 1389 reversaeque
371 1334 437 1375 aere
460 1318 564 1384 trebes,
587 1319 701 1389 foribus
724 1320 812 1376 cerdo
835 1319 976 1377 stridebat
999 1320 1089 1377 ceals.
1131 1337 1218 1376 omne

201 1406 255 1464 hoc
284 1405 470 1480 opulentiam
497 1409 528 1464 et
555 1406 743 1465 devotionem
772 1407 925 1467 condentis
954 1407 1085 1467 ostendit
1113 1410 1143 1465 et
1165 1425 1218 1481 po·

200 1497 326 1554 tentiam
350 1495 397 1553 vel
420 1497 560 1554 meritum
583 1498 722 1555 numinis.
763 1498 815 1555 laec
831 1499 966 1569 premam
988 1500 1021 1555 te
1045 1498 1108 1555 laco
1131 1499 1271 1555 eoco450

199 1602 245 1642 res
269 1584 367 1641 oblata
391 1587 520 1643 timorem
543 1585 702 1650 leutitiae
725 1588 857 1658 primam
880 1586 997 1645 Aeaeos
1024 1604 1143 1660 sperare
1170 1603 1218 1644 sa·

199 1675 287 1730 larem
311 1691 404 1731 celsus
428 1677 453 1731 et
475 1674 601 1744 adflictis
623 1670 729 1731 melias
752 1675 896 1746 confidere
918 1677 1019 1734 rebus:
1051 1693 1144 1752 genus
1173 1678 1218 1733 est

162 1785 186 1822 rs
199 1763 426 1837 propositionis,
450 1761 584 1821 dicturus
609 1765 654 1821 est
677 1763 756 1822 euim
780 1763 852 1839 quid
875 1765 993 1838 viderit,
1017 1764 1094 1822 unde
1118 1783 1217 1840 spera·

199 1852 278 1910 verit
303 1852 417 1925 aliquid
440 1851 519 1925 boni,
538 1852 617 1910 unde
641 1855 738 1912 metus
762 1854 826 1911 eius
849 1852 960 1912 lenitus
980 1853 1027 1913 sit.
1063 1873 1122 1911 non
1142 1854 1219 1911 dixit

198 1941 277 1999 unde
301 1959 420 1999 securus
444 1942 484 1998 sit
507 1941 650 2014 redditus,
669 1941 720 1999 sed
743 1941 820 1999 unde
843 1943 935 2000 timor
954 1942 1016 2000 eius
1035 1943 1217 2017 inminutus3

198 2029 290 2087 semel
315 2031 394 2086 enim
416 2032 499 2087 totus
523 2030 606 2087 eradi
628 2048 688 2088 non
711 2032 819 2105 potuit.
859 2051 937 2090 nova
960 2049 1007 2089 res
1032 2031 1142 2104 oblata,
1161 2031 1217 2090 hoc

198 2121 243 2177 est
267 2120 371 2176 contra
394 2136 477 2193 spem
495 2121 573 2192 visa3
597 2121 709 2194 quippe
729 2121 792 2178 eius
811 2120 905 2178 oculis
923 2122 1010 2178 tanta
1029 2138 1096 2194 spes
1116 2137 1217 2177 occur·

155 2227 185 2267 ao
198 2210 280 2265 reret
296 2209 348 2282 qui
361 2208 452 2282 paulo
472 2212 541 2266 ante
560 2210 661 2267 omnia
679 2208 804 2267 vidisset
823 2208 953 2281 deserta,
976 2208 1025 2266 vel
1044 2208 1110 2266 ideo
1130 2227 1217 2281 nova,

199 2298 271 2371 quia
294 2296 415 2354 videbat
438 2296 501 2354 illic
524 2298 606 2372 picta
629 2298 753 2356 Troiani
775 2297 846 2356 belli
869 2316 1097 2375 pugnarumque
1122 2300 1216 2356 certa-¹

198 2386 288 2443 mina.
335 2386 441 2460 incipit
472 2386 534 2443 iam
565 2386 687 2444 reddere
720 2389 881 2460 rationem,
913 2389 948 2445 ut
979 2386 1117 2446 ostendat
1145 2388 1217 2462 quid

198 2475 274 2532 illud
302 2475 394 2531 fuerit
422 2475 501 2548 quod
528 2475 659 2534 leniebat
682 2476 801 2533 Aeneae
824 2478 937 2534 metum
960 2479 991 2534 et
1013 2495 1095 2551 spem
1119 2477 1217 2552 inopi-

198 2582 268 2621 nam
287 2563 490 2638 promittebat.
527 2566 726 2637 compacaret
744 2567 854 2638 tepenti
877 2564 983 2623 lustrat
1005 2566 1076 2623 dam
1098 2567 1218 2639 stapulo

157 2672 185 2712 ss
199 2653 301 2726 templo
324 2655 456 2726 repleam
479 2655 639 2725 opperiens,
663 2654 734 2712 daea
758 2672 831 2727 qaae
854 2658 975 2728 fortene
994 2657 1033 2713 sit
1048 2656 1116 2713 arbi
1135 2657 1205 2713 orli-
1217 2658 1269 2706 455

198 2744 341 2813 tenerque
377 2759 484 2799 enarras
520 2745 597 2801 inter
632 2759 663 2799 sc
700 2758 875 2816 operamque
910 2745 1038 2803 laborem
1074 2745 1216 2802 miratae:

198 2834 300 2889 tuetur
323 2831 372 2887 hic
394 2830 518 2889 Aenean
541 2831 702 2907 Vergilius,
727 2852 763 2890 ne
786 2832 924 2892 inanibus
949 2836 1054 2908 captus
1077 2833 1217 2891 videatur·

198 2921 375 2979 remansisse
404 2939 492 2993 quem
520 2924 700 2979 convenerat
726 2921 856 2979 reditum
883 2926 1034 2982 maturare
1059 2921 1098 2980 ad
1121 2922 1215 2981 socios

198 3029 266 3068 suos
290 3028 344 3067 nec
363 3010 488 3067 ulterius
507 3009 663 3068 inlecebris
682 3012 779 3068 teneri
797 3010 952 3069 felicitatis
972 3011 1095 3070 alienae.
1132 3030 1215 3069 narn-

158 3116 185 3157 ao
199 3119 264 3173 que,
289 3098 396 3172 inquit,
421 3098 474 3155 sub
498 3099 614 3176 ingenti
636 3100 747 3158 lustrat
769 3099 840 3157 dum
863 3100 984 3177 singula
1005 3100 1119 3175 templo
1138 3102 1215 3177 regi-

198 3208 267 3246 nam
296 3189 465 3262 opperiens:
499 3206 566 3246 ecce
594 3188 669 3247 dixit
697 3207 788 3246 unam
815 3191 846 3245 et
873 3190 1071 3247 necessariam
1094 3207 1215 3247 causam

197 3276 331 3354 reginam
364 3277 533 3351 opperiens,
567 3295 659 3350 quam
692 3277 843 3352 sperabat,
875 3280 910 3335 ut
942 3278 1056 3335 factum
1088 3282 1146 3351 est,
1177 3278 1214 3336 ad

198 3385 288 3440 opera
306 3365 434 3423 videnda
452 3384 667 3440 processuram,
681 3385 717 3424 ex
736 3367 790 3425 hac
808 3370 908 3425 autem
922 3368 1075 3425 occasione
1091 3367 1215 3425 circum·

270 3525 283 3570 1
304 3520 370 3585 qaia
390 3535 443 3571 om.
459 3518 502 3571 ed.
558 3523 574 3569 9
593 3518 703 3571 avoeriae
717 3518 743 3570 R
757 3535 825 3573 corr.
841 3536 861 3571 r.
917 3525 948 3572 11
969 3519 1086 3573 ostendit
1099 3518 1151 3572 LR
1170 3520 1213 3573 de-

197 3589 382 3643 monstrated.
431 3596 463 3642 15
474 3589 684 3657 paidthqaod
695 3589 738 3642 ed.
786 3589 1027 3645 lbsitLRested.
1074 3595 1107 3643 23
1122 3591 1216 3656 fuerat

198 3660 249 3713 LR
263 3661 305 3713 ed.
321 3662 479 3726 faeritnos.
532 3666 564 3714 31
580 3677 664 3713 ceream
680 3666 705 3715 et
719 3660 772 3715 th
786 3668 811 3717 et
825 3678 881 3717 om.
891 3662 938 3717 ed.
984 3666 1023 3715 bs
1036 3676 1233 3730 processuram

196 3738 227 3781 nt
237 3749 296 3782 crem
306 3735 376 3796 post
389 3733 530 3786 occasione
544 3732 678 3805 interpol.
691 3735 736 3791 ed.
797 3742 832 3793 bb
841 3741 953 3800 -b‘m
967 3732 1193 3791 circumsedisset
1205 3723 1258 3775 ab.
