2734 4159
570 351 753 406 AENEIDOS
771 352 810 405 IV
1137 349 1202 414 317

184 539 278 596 usque
303 520 377 580 adeo
400 525 435 579 ut
458 539 575 579 omnem
598 538 702 578 curam
727 520 903 595 disponendi
929 523 1015 597 regni
1041 518 1203 595 tuendique

185 610 364 669 reiecissent.
403 610 460 668 hoc
483 614 528 668 est
550 610 630 685 quod
654 609 699 668 ait
716 611 748 667 in
767 609 919 685 superiore
935 608 1006 667 libri
1024 612 1111 685 parte
1129 600 1203 690 (86)

185 718 264 774 „non
283 702 406 775 coeptae
424 699 594 777 adsurgunt
610 703 718 772 tumea,
736 717 796 756 non
819 718 903 757 arma
924 699 1065 757 iuventus
1088 701 1205 757 exercet

184 792 327 865 portusve
360 792 413 846 aut
444 788 671 865 propugnacula
702 787 781 846 bello
813 790 882 846 tuta
913 791 1037 863 parant,
1073 787 1204 862 pendent

157 896 277 953 sopora
300 880 469 952 interrupta
491 876 651 953 minaeque
673 896 828 936 murorum
852 877 989 955 ingentes
1017 878 1204 951 aequataque
1242 921 1246 931 ,

185 967 324 1025 machina
343 964 453 1025 caelo“.
489 966 563 1024 haec
581 966 616 1024 de
636 965 766 1024 Didone:
786 965 905 1025 Aeneae
923 985 994 1025 vero
1013 966 1203 1040 reprehensio

185 1056 255 1129 tuit,
269 1054 349 1130 quod
363 1058 395 1113 in
410 1055 515 1113 alienis
535 1073 722 1114 commorans
740 1056 840 1133 regnis
859 1055 1100 1114 commoditatem
1120 1072 1205 1113 suam
1259 1112 1263 1119 ,

184 1144 376 1222 neglegebat,
405 1163 495 1219 quam
517 1147 634 1219 partem
657 1164 693 1203 ex
715 1144 796 1203 Iovis
819 1162 946 1219 persona
967 1143 1121 1220 Vergilius
1144 1163 1204 1202 non

185 1234 281 1292 multo
309 1238 378 1309 post
405 1234 577 1308 plenissime
604 1236 778 1309 prosecutus
807 1237 853 1292 est
881 1226 976 1314 (267)
1003 1233 1078 1306 „heu
1100 1231 1204 1311 regni*

144 1342 173 1383 ro
187 1326 218 1381 et
241 1326 348 1381 cetera.
385 1322 459 1381 haec
482 1321 594 1398 passim
617 1323 673 1381 dea
695 1322 784 1381 foeda
806 1324 904 1381 virum
928 1321 1068 1380 diffundit
1086 1324 1118 1379 in
1137 1341 1204 1380 ora:

186 1430 245 1469 non
270 1411 326 1471 dea
348 1411 445 1485 foeda,
469 1412 520 1469 sed
544 1430 596 1470 ora
619 1411 718 1469 virum
736 1412 837 1485 foeda:
860 1411 912 1470 nbi
931 1412 1010 1469 enim
1030 1411 1102 1486 quid
1121 1429 1204 1470 secus

187 1500 350 1559 admissum
376 1501 409 1558 in
435 1501 589 1559 hominum
618 1500 774 1559 scientiam
803 1501 932 1575 venerit,
963 1502 1081 1575 turpius
1114 1519 1206 1576 quam

187 1589 350 1649 admissum
374 1592 419 1648 est
442 1590 583 1664 carpitur.
628 1589 744 1648 interca
767 1589 969 1649 definitionem
988 1590 1098 1648 Famae
1121 1608 1204 1665 repe·

186 1682 296 1753 tamne,
311 1698 403 1754 quam
421 1681 511 1753 poeta
528 1679 745 1753 interponendo
764 1680 837 1739 fecit
854 1680 1042 1755 hyperbaton
1061 1683 1091 1737 et
1106 1682 1205 1737 totum

146 1787 172 1828 rs
186 1771 302 1825 textum
329 1770 362 1825 in
390 1767 463 1826 duas
491 1770 587 1843 partis
611 1768 759 1826 abscisum
782 1768 884 1843 posuit
907 1771 937 1828 et
959 1770 1058 1828 minus
1082 1768 1205 1827 attentis
1243 1775 1245 1780 '

186 1857 262 1915 facit
286 1876 423 1915 errorem.
457 1856 565 1925 Fama,
588 1857 697 1933 inquit,
719 1858 840 1925 indum,
863 1874 919 1930 qao
941 1876 1002 1915 roa
1025 1858 1205 1916 (1111115110-

186 1948 250 2004 cius
267 1947 370 2014 ullum,
383 1947 540 2004 mobilitate
558 1948 634 2019 ripet
650 1948 779 2019 uirisque
796 1948 928 2018 adquirit
946 1948 1055 2005 cando:
1078 1950 1108 2005 et
1127 1948 1258 2020 cito,175

186 2036 300 2110 inquit,
323 2034 458 2093 ambulat
481 2037 512 2093 et
533 2034 568 2093 fit
590 2035 699 2094 fortior
720 2038 750 2093 et
772 2037 916 2093 virtutem
939 2056 999 2095 non
1022 2035 1130 2111 perdit,
1154 2035 1205 2094 sed

188 2124 333 2199 adquirit:
357 2125 515 2183 contrariis
538 2124 660 2182 iuvatur
681 2128 787 2200 utpote
805 2128 979 2183 monstrum.
1011 2143 1111 2198 parea
1129 2128 1206 2183 meta

145 2234 174 2273 ao
181 2216 291 2287 prime,
314 2230 382 2271 moa
399 2231 460 2272 sese
478 2214 583 2272 attollit
598 2216 632 2271 ire
650 2232 743 2273 uaros
761 2214 979 2288 inpreditarqae
996 2214 1057 2271 soto
1076 2219 1104 2284 et
1119 2218 1207 2286 capot

186 2305 263 2361 irater
289 2302 393 2361 nubila
421 2304 530 2361 condit:
564 2305 679 2362 veteres
709 2321 809 2362 omnes
837 2304 941 2361 multis
969 2302 1206 2378 incorporalibus
1276 2307 1280 2313 ’

188 2394 219 2449 et
241 2394 362 2450 nomina
386 2391 530 2450 dederunt
553 2394 583 2450 et
605 2392 717 2450 formas
741 2395 771 2449 et
793 2392 938 2451 nonnulla
961 2411 1015 2467 pro
1034 2392 1206 2451 numinibus

186 2479 369 2553 habuerunt,
400 2480 567 2539 Victoriam
606 2480 734 2555 scilicet,
767 2478 977 2553 Concordiam,
1009 2481 1206 2555 Discordiam,

187 2570 340 2643 Furorem,
360 2569 502 2628 Somnum
521 2573 551 2627 et
569 2573 668 2628 cetera
689 2569 813 2628 similia:
839 2572 884 2628 ita
907 2574 937 2628 et
955 2570 1080 2628 Famam
1103 2588 1206 2645 corpo-

147 2678 174 2719 :a
188 2658 283 2716 ralem
306 2677 368 2717 esse
392 2658 552 2717 voluerunt
575 2663 606 2717 et
628 2658 723 2732 deam,
746 2661 782 2716 ut
803 2660 868 2733 ipse
886 2657 1039 2736 Vergilius
1061 2659 1118 2717 hoc
1140 2659 1206 2718 loco

260 2887 275 2933 2
295 2882 437 2948 rejicerent
455 2881 498 2935 ed.
568 2888 584 2936 5
603 2883 777 2952 inperitosqae
795 2888 913 2951 aequata
931 2880 961 2933 L.
1027 2886 1042 2934 9
1057 2898 1137 2951 posse
1155 2898 1206 2950 pro

183 2958 248 3021 post
265 2952 295 3005 L.
352 2958 440 3005 9-10
458 2954 509 3007 beu
528 2954 607 3023 repat
623 2952 716 3019 siritL
735 2968 798 3025 curn
816 2953 930 3021 punctis
944 2952 981 3007 R:
1001 2952 1032 3005 in
1048 2954 1114 3020 frit,
1131 2953 1208 3021 quod

189 3024 266 3091 apud
281 3023 363 3093 Verg.
378 3041 435 3076 non
454 3026 540 3090 extat,
555 3031 580 3077 et
598 3030 686 3079 cetera
699 3039 750 3092 per
764 3024 954 3093 conpendium
967 3024 1105 3093 scriptum
1118 3023 1207 3078 latere

188 3098 271 3163 puto,
299 3096 375 3164 qnod
399 3096 433 3149 de
457 3112 507 3149 suo
531 3095 595 3149 add.
616 3096 659 3149 ed.
765 3102 798 3148 11
821 3097 868 3150 aed
882 3127 916 3135 —
930 3097 1013 3162 foeda
1036 3113 1088 3149 om.
1109 3097 1152 3151 ed.

190 3172 294 3219 14-15
314 3172 385 3220 etam
403 3173 506 3221 textam
526 3166 578 3220 111
592 3175 617 3221 et
631 3173 786 3222 contextam
804 3184 818 3219 r
836 3173 862 3222 ct
879 3184 940 3221 eam
958 3174 976 3220 t.
991 3168 1035 3220 ed.
1050 3174 1075 3221 ct
1088 3174 1174 3222 totam
1188 3174 1206 3222 t.

188 3254 246 3290 nos.
340 3244 374 3292 15
398 3238 546 3293 abaciacum
569 3238 612 3293 ed.
643 3240 647 3311 Ι
682 3245 802 3293 attentas
819 3237 872 3290 111
890 3238 934 3292 ed.
953 3241 1065 3293 atteritis
1082 3255 1147 3305 nos,
1171 3238 1207 3292 cf.

189 3314 284 3375 3,205.
352 3309 1036 3379 1611511111εά,(εοῑιῑνιᾳωοάρτοᾳαοη.
1097 3315 1130 3363 18
1149 3328 1206 3363 am·

189 3382 266 3435 balat
284 3380 386 3447 ]11111
404 3399 430 3434 a.
450 3388 474 3435 ct
491 3382 524 3449 fit
542 3382 585 3435 ed.
605 3383 773 3435 ambulando
791 3381 823 3447 fit
841 3398 854 3432 r
877 3381 972 3434 nescio
992 3398 1028 3434 an
1046 3383 1131 3434 recte.
1154 3383 1159 3449 Ι
1184 3388 1209 3435 et

188 3452 279 3506 circem
293 3451 315 3504 L
334 3459 360 3507 et
376 3453 440 3506 cira
454 3452 479 3505 11
498 3458 523 3506 et
540 3454 611 3506 vires
628 3470 643 3505 r
660 3454 732 3507 uires
750 3453 822 3506 caim
840 3452 884 3505 ed.
898 3457 925 3505 et
941 3454 1068 3507 vincum
1085 3469 1138 3505 nos
1157 3453 1208 3522 (sic

187 3523 277 3577 virtus
302 3525 336 3577 de
355 3524 441 3576 Furia
460 3528 484 3590 7,
500 3528 571 3593 835).
682 3528 715 3576 19
739 3524 887 3578 contrariis
905 3522 957 3575 111
979 3540 1047 3577 aum
1068 3540 1089 3577 c.
1110 3524 1153 3577 ed.

189 3601 223 3649 20
243 3596 367 3664 primam
390 3594 454 3659 111,
483 3595 533 3648 sed
560 3593 636 3647 infra
660 3597 753 3663 primo
774 3595 808 3647 ut
827 3594 911 3663 Verg.
931 3592 1006 3649 libri.
1041 3597 1045 3663 1
1079 3610 1134 3649 asse
1156 3609 1207 3662 pro

187 3684 242 3721 sese
261 3665 329 3789 Ldp
384 3672 418 3717 22
439 3673 464 3720 et
482 3668 548 3721 ante
567 3667 682 3720 uomica
705 3683 758 3719 om.
779 3665 822 3719 ed.
914 3670 948 3718 24
971 3666 1138 3734 corporalem
1155 3664 1208 3717 111

187 3745 213 3793 et
230 3753 287 3791 ce
332 3780 337 3790 .
