2734 4159
175 325 241 391 532
456 322 597 378 DONATI
614 322 783 377 musaea.
803 322 909 377 VERG.

174 493 256 568 bulo,
276 511 361 569 quae,
382 492 454 551 dum
473 460 527 552 sua
544 492 665 551 feritate
683 493 849 569 plurimum
867 511 898 553 se
915 511 1002 568 posse
1020 493 1200 567 arbitratur,

176 585 219 644 sic
250 584 372 641 incauta
403 582 468 641 ruit
498 584 529 641 in
562 581 676 640 sermm
704 584 735 640 et
760 599 886 657 poenam
916 600 988 642 suae
1014 584 1199 642 temeritatis

79 671 91 699 ·
118 679 176 728 175
187 670 336 748 expendit.
383 688 449 745 erpo
477 688 576 729 umnec
601 688 708 744 megae
736 673 845 729 circum
873 670 998 731 elamore
1019 672 1201 744 fremebant:

176 761 352 835 fremebant,
371 760 480 836 inquit,
498 761 586 835 quasi
603 759 765 818 irascentes
781 762 915 833 naturae,
930 779 1008 835 quae
1026 760 1117 819 illum
1134 762 1201 821 tam

176 850 384 925 necessarium,
406 852 471 907 tam
493 850 640 924 optimum
663 850 771 922 virum,
795 850 934 908 comitem
956 849 1045 927 regis,
1071 848 1200 928 indigna
1226 872 1236 915 s

176 941 273 998 morte
296 937 459 1014 pressisset.
507 956 577 1016 ergo
600 937 740 1014 planctus
763 938 885 997 fuerumt
909 957 970 997 non
996 938 1118 1013 usitati,
1146 939 1199 999 sed

174 1028 285 1104 quibus
310 1027 459 1102 querellae
487 1046 606 1102 quoque
634 1026 807 1086 viderentur
834 1026 992 1087 admixtae.
1035 1030 1201 1102 praecipue

168 1119 246 1193 pius
273 1114 407 1175 Aeaeus:
443 1115 546 1175 eadem
577 1134 668 1175 causa
701 1115 793 1175 etiam
824 1117 892 1193 pius
920 1115 1037 1176 Aeneas
1068 1116 1200 1192 dolebat,

176 1205 229 1266 sed
256 1206 324 1281 plus
352 1223 444 1281 quam
472 1205 571 1263 ceteri.
617 1205 877 1280 exsuperioribus
901 1208 1027 1281 apparet
1049 1206 1124 1281 quid
1149 1205 1199 1265 do

176 1295 290 1354 luerint
313 1312 428 1367 omnes3
452 1312 522 1352 nam
545 1312 637 1369 supra
658 1294 736 1352 dixit
758 1293 794 1352 de
813 1293 915 1353 Aenea
934 1296 963 1353 et
983 1294 1099 1355 Achate
1119 1294 1200 1370 qued
1215 1316 1240 1359 u

178 1382 261 1441 illius
279 1402 340 1442 non
358 1383 455 1442 solum
473 1385 599 1441 mortem
617 1401 720 1441 verum
740 1384 832 1441 etiam
850 1402 943 1460 genus
956 1384 1012 1443 leti
1025 1383 1200 1444 doluissent.

178 1475 215 1532 ut
237 1487 357 1546 venere,
379 1471 492 1547 inquit,
518 1472 623 1530 vident
643 1470 770 1549 indigna
796 1474 892 1531 morte
919 1475 1123 1548 peremptum:
1156 1473 1201 1532 in·

180 1561 272 1639 digna
295 1579 375 1619 mors
399 1563 445 1619 est
467 1579 544 1635 quae
566 1579 626 1619 non
650 1561 789 1619 convenit
807 1561 872 1620 viro
891 1561 977 1637 forti3
999 1563 1100 1621 nullus
1120 1564 1204 1621 enim

181 1653 235 1708 aut
261 1669 321 1709 non
348 1650 419 1709 talis
448 1651 587 1709 existeret
616 1648 713 1726 dolor,
742 1651 768 1709 si
794 1648 827 1707 in
853 1669 955 1729 pugna
983 1649 1140 1711 cecidisset
1171 1655 1204 1711 et

181 1757 295 1815 campo.
341 1743 403 1797 turn
429 1741 512 1798 iussu
534 1738 675 1813 Sibyllae,
702 1740 894 1809 teutmaro,
921 1740 1064 1812 festinant
1085 1742 1204 1812 flentes:
1218 1761 1243 1805 u

181 1827 383 1889 festinandum
406 1828 476 1902 fuit,
498 1829 534 1885 ut
555 1828 638 1886 iussa
657 1826 791 1903 Sibyllae
813 1831 930 1887 mature
954 1831 984 1887 et
1007 1829 1038 1887 iu
1062 1829 1204 1890 omnibus

181 1918 399 1994 conplerentur,
416 1917 530 1977 scilicet
548 1919 583 1975 ut
601 1919 778 1976 curarentur
795 1917 884 1977 funus
904 1921 933 1976 et
953 1918 1015 1977 eius
1034 1919 1203 1979 sollemnia.

181 1998 323 2081 crureque
354 2006 503 2080 sepulchro
536 2024 687 2079 carperem
721 2006 876 2065 orbor-ibus
912 2008 1045 2081 caeloque
1082 2009 1206 2067 educere

182 2085 307 2156 emunt:
328 2096 472 2155 maiorem
495 2096 532 2154 de
554 2094 627 2169 ipsis
650 2094 839 2172 diligentiam
857 2114 892 2154 ac
910 2095 1045 2155 laborem
1063 2097 1205 2175 exigebat

182 2186 322 2244 meritum
349 2185 475 2260 mortui3
506 2187 627 2260 praeter
651 2185 773 2259 questus
797 2184 876 2242 enim
899 2204 934 2243 ac
956 2184 1045 2245 fletus
1068 2189 1203 2245 matura
1217 2206 1240 2248 re

182 2273 256 2332 baut
279 2273 376 2331 funeri
399 2275 571 2333 necessaria.
608 2273 810 2350 properabant
829 2274 923 2351 igitur
941 2293 1025 2332 aram
1044 2293 1103 2333 non
1123 2277 1203 2335 saxis

183 2365 310 2434 struere,
343 2362 394 2420 sed
422 2362 589 2437 arboribus,
617 2364 652 2421 ut
678 2363 746 2437 ipsa
773 2365 851 2421 esset
879 2366 909 2421 et
936 2363 1140 2438 sepulchrum,
1172 2366 1205 2423 in

183 2453 303 2509 tantum
326 2452 427 2509 autem
449 2451 606 2510 roboribus
630 2451 777 2529 congestis
801 2470 867 2511 eam
886 2452 1000 2529 erigere
1018 2452 1204 2528 nitebantur,

184 2542 220 2597 ut
247 2540 362 2597 caelum
389 2542 512 2617 tangere
540 2540 696 2616 potuisset.
741 2541 822 2599 ultra
854 2540 975 2599 modum
1009 2541 1124 2616 aliquid
1156 2562 1204 2601 ex·

184 2627 281 2686 hiberi
303 2634 422 2687 mortuo
445 2630 585 2687 meritum
608 2629 639 2687 in
663 2632 727 2689 vita
746 2631 924 2705 quaesitum,
943 2649 1002 2688 non
1022 2630 1083 2689 alia
1103 2650 1204 2691 neces·
1219 2652 1242 2694 re

185 2719 259 2777 sitas
282 2716 369 2776 facit:
401 2717 456 2776 hoc
480 2717 625 2794 agebatur
647 2719 679 2776 in
702 2718 810 2778 Miseni
833 2738 936 2792 causa,
960 2738 1050 2794 quem
1073 2722 1205 2780 amicum

185 2807 278 2865 fuisse
302 2805 439 2865 Hectoris
467 2805 544 2865 dixit
566 2809 597 2865 et
619 2808 738 2866 Aeneae
760 2810 921 2883 posterius,
944 2810 979 2866 ut
1000 2809 1111 2867 virium
1135 2828 1205 2869 con-

185 2895 344 2970 templatio
372 2897 402 2953 et
428 2894 569 2954 meritum
600 2897 829 2972 monstraretur,
862 2900 992 2956 ceterum
1020 2900 1050 2955 et
1078 2898 1205 2959 modicis

186 2985 278 3062 lignis
302 3003 354 3042 nee
378 2985 409 3040 in
432 2985 552 3041 tantum
570 2984 719 3041 tumulum
738 2987 859 3045 structis
878 2988 967 3044 funus
986 2986 1049 3045 eius
1068 2991 1206 3047 consumi

186 3074 334 3149 potuerat.
369 3074 429 3130 itur
446 3075 478 3130 ire
497 3075 649 3144 cai-iucem
667 3072 787 3133 eiicam:
809 3073 919 3134 idcirco
939 3075 1014 3133 dixit
1037 3078 1207 3153 antiquam,
1222 3100 1246 3141 ao

187 3163 259 3239 quia
286 3160 419 3220 dicturus
448 3163 493 3220 est
519 3161 639 3220 arbores
661 3162 725 3220 illic
748 3163 838 3223 fuisse
861 3166 992 3241 ingentis
1016 3168 1047 3223 et
1069 3185 1207 3242 magnas,

189 3270 263 3326 quas
286 3248 415 3309 solitudo
437 3249 585 3308 nutrierat
604 3252 634 3308 et
652 3252 815 3311 multorum
832 3254 990 3328 prolixitas
1009 3255 1206 3315 saeculorum.

188 3340 263 3399 dicit
290 3357 410 3398 causam
437 3341 560 3414 propter
586 3358 676 3414 quam
704 3341 803 3400 nullus
831 3342 894 3401 illio
916 3342 1022 3402 habuit
1046 3362 1208 3428 accessum,

261 3567 414 3617 emmae
427 3562 453 3615 V
467 3563 498 3616 in
511 3569 643 3616 naturam
656 3561 699 3615 ed.
756 3565 897 3618 cautam
910 3565 943 3619 V.
997 3568 1121 3621 eceterae
1135 3566 1167 3619 V.

191 3638 224 3687 17
243 3639 388 3689 curarem
401 3632 427 3686 V
438 3634 481 3688 ed.
538 3638 571 3687 18
589 3634 730 3701 aepukbro
744 3634 769 3686 V
784 3635 854 3690 -cbri
873 3635 915 3688 ed.
970 3642 1002 3690 19
1022 3638 1166 3707 exigebant
1182 3638 1208 3691 V

188 3722 258 3762 corr.
274 3704 317 3761 ed.
374 3712 408 3759 24
426 3706 502 3761 ultro
520 3704 545 3757 V
563 3721 629 3759 mm
648 3720 675 3757 c.
695 3704 738 3758 ed.
793 3711 827 3760 30
843 3713 950 3773 poterat
968 3708 1012 3763 ed.
