2734 4159
198 366 241 431 54
476 364 616 419 DONATI
634 364 803 418 INTERPR.
823 363 931 418 VERG.

197 554 232 594 eo
256 533 344 610 quod,
368 553 438 592 cum
458 552 511 593 vas
535 533 656 609 aliquod
679 537 832 592 versatum
855 534 954 609 fuerit,
977 532 1103 592 effundit
1126 551 1215 591 omne

198 624 277 698 quod
299 620 437 682 habebat.
479 622 510 680 in
533 623 604 682 Iove
627 622 721 701 igitur
743 622 799 682 hoc
821 642 876 699 per
897 621 1067 681 istiusmodi
1089 622 1216 681 verbum

196 710 292 772 voluit
315 712 530 789 demonstrare,
558 714 593 771 ut
621 711 790 771 ostenderet
812 712 855 770 sio
877 712 1000 771 inimica
1021 711 1215 788 persuasione

197 819 384 878 perversum,
411 805 447 861 ut
473 801 504 859 in
530 799 664 861 sensibus
689 802 752 860 eius
775 800 851 858 nihil
874 801 998 877 pietatis
1020 802 1216 860 remansisset

198 910 288 965 quam
314 892 464 967 integram
492 890 571 949 filiae
600 889 726 949 debebat
754 892 785 948 et
816 892 927 966 nepoti.
974 889 1119 965 conpletis
1152 889 1215 947 iam
1243 910 1256 951 5

196 978 333 1055 partibus
351 998 495 1055 personae
514 979 667 1055 publicum
686 980 817 1056 gerentis
837 979 968 1038 officium
986 980 1125 1038 convenit
1144 997 1215 1037 eum

196 1072 231 1127 ut
258 1070 389 1144 patrem,
418 1068 497 1145 quod
524 1086 632 1127 nomen
660 1068 824 1143 plurimum
851 1068 974 1144 pudoris
1001 1068 1093 1126 habet
1121 1068 1214 1126 etiam

196 1157 228 1233 in
252 1176 342 1216 causa
364 1159 514 1233 promissi,
537 1160 568 1215 et
591 1158 654 1215 eius
674 1156 754 1233 quod
772 1177 832 1216 non
850 1159 969 1215 tantum
987 1157 1089 1216 liberis
1108 1177 1215 1215 verum

196 1248 289 1305 etiam
325 1248 453 1323 posteris
489 1248 529 1305 sit
564 1246 700 1305 omnibus
732 1246 930 1327 profuturum.
975 1246 1086 1305 idcirco
1118 1246 1215 1324 igitur

195 1336 297 1411 posuit
321 1355 397 1411 quae
421 1338 461 1409 te,
480 1335 606 1412 genitor,
625 1337 774 1393 sententia
793 1332 905 1395 vertit?
943 1338 1029 1412 quasi
1051 1337 1077 1394 si
1101 1334 1215 1394 diceret
1229 1355 1256 1395 1o

196 1424 263 1500 quis
291 1427 336 1483 est
362 1426 393 1483 te
421 1424 522 1500 potior
549 1425 601 1500 qui
628 1426 729 1500 potuit
756 1427 871 1483 1111111
900 1426 1081 1484 sententiam
1107 1424 1214 1483 tuam?

194 1514 246 1573 1111
266 1514 400 1587 ,11111111
422 1530 556 1572 occasum
580 1514 687 1573 Troiae
710 1516 856 1586 tristisque
877 1516 983 1572 ruinas
1005 1515 1125 1573 solabor
1142 1515 1215 1586 fotis

196 1605 345 1665 1111111111
367 1603 432 1675 fotu
454 1603 628 1675 rependens:
660 1602 786 1676 adlusit,
814 1604 902 1678 quasi
923 1603 1023 1662 lances
1046 1603 1215 1678 ponderum

195 1692 351 1766 retineret3
375 1691 400 1749 si
424 1691 503 1749 enim
525 1695 594 1767 post
617 1691 727 1751 damna
746 1695 944 1768 consequatur
962 1692 1078 1751 lucrum
1097 1696 1127 1751 et
1145 1692 1214 1769 plus

195 1779 335 1855 ponderis
362 1780 473 1838 habeat
501 1783 553 1839 aut
579 1781 681 1838 meriti
709 1781 789 1856 quod
816 1781 999 1841 lucrativum
1031 1785 1076 1839 est
1107 1784 1160 1840 aut
1188 1782 1215 1841 si
1228 1802 1254 1843 11

195 1868 372 1927 tantundem
391 1872 537 1945 quantum
555 1871 654 1945 periit,
669 1870 774 1946 procul
792 1868 883 1929 dubio
901 1870 1150 1930 dissimulandum
1169 1874 1215 1929 est

195 1960 227 2016 in
250 1976 340 2017 causa
363 1957 478 2033 damni,
504 1976 571 2017 cum
593 1958 624 2016 id
649 1958 729 2035 quod
753 1959 896 2018 amissum
918 1962 964 2018 est
987 1960 1110 2019 alterius
1135 1978 1213 2018 oom-

196 2046 277 2106 modi
294 2048 410 2107 ratione
429 2050 582 2123 pensatur.
619 2067 690 2106 nam
714 2047 783 2105 inde
808 2049 1000 2124 conpensatio
1024 2047 1143 2125 dicitur,
1161 2048 1215 2107 ubi

196 2136 262 2211 quis
290 2138 410 2195 tantum
437 2136 576 2212 ponderis
603 2138 712 2211 recipit
738 2139 771 2195 in
799 2137 861 2195 alia
889 2138 987 2213 specie
1011 2140 1158 2213 quantum
1180 2138 1214 2195 in

196 2225 256 2284 alia
279 2225 438 2285 videbatur
461 2225 604 2285 amisisse.
650 2227 737 2301 ponit
760 2245 831 2303 ergo
853 2226 930 2285 hano
952 2230 1069 2302 partem
1093 2246 1127 2285 ex
1146 2246 1214 2303 per·
1228 2248 1255 2289 so

196 2333 269 2373 sona
293 2316 355 2373 eius
379 2334 456 2390 quae
479 2313 600 2374 dolebat
619 2317 762 2374 amissum
782 2318 811 2373 et
829 2313 958 2374 babebat
978 2315 1214 2375 consolationem

195 2402 231 2460 de
254 2405 468 2479 promissorum
491 2422 542 2480 spe
562 2407 593 2462 et
610 2406 698 2479 ponit
716 2423 782 2462 cum
802 2406 885 2463 omni
902 2404 1092 2464 miseratione
1112 2404 1214 2465 dicens

195 2510 332 2551 occasum
351 2493 467 2568 Troiae,
490 2498 525 2551 ut
548 2493 716 2552 ostenderet
739 2512 801 2551 rem
824 2495 986 2551 maximam
1010 2497 1041 2552 et
1063 2494 1213 2554 nobilissi-

194 2600 275 2639 mam
302 2582 447 2641 interisse.
493 2600 578 2641 casus
606 2584 687 2640 enim
714 2584 758 2640 rei
785 2585 830 2640 est
855 2600 966 2657 parvae
989 2583 1038 2642 vel
1061 2583 1213 2643 inferioris

194 2689 348 2747 personae,
372 2690 493 2730 occasus
512 2689 583 2731 vero
603 2670 723 2731 divinae
742 2672 786 2729 rei
805 2670 853 2730 vel
871 2690 1015 2747 personae
1035 2672 1213 2748 superioris3
1228 2696 1254 2737 as

195 2778 265 2817 nam
293 2760 364 2819 solis
393 2764 423 2820 et
449 2760 538 2819 lunae
568 2778 706 2819 occasum
733 2760 872 2837 dicimus,
902 2764 1022 2819 etcum
1045 2762 1104 2821 viri
1126 2781 1213 2838 prae·

195 2848 270 2907 clari
297 2850 347 2907 vel
375 2851 504 2925 spectati
530 2850 632 2908 meriti
660 2850 801 2924 obierint,
834 2870 893 2909 non
923 2853 1079 2925 praeventi
1107 2855 1213 2927 morte,

195 2937 247 2996 sed
275 2938 417 2998 occidisse
445 2938 591 2998 dicuntm.
638 2938 755 2998 addidit
780 2940 934 3015 tristisque
957 2942 1059 2999 ruinas
1084 2940 1212 3015 solabar,

194 3030 229 3085 ut
252 3025 402 3087 adfectum
424 3028 547 3088 maioris
574 3028 775 3088 miserationis
804 3032 940 3107 augeret,
971 3049 1032 3088 non
1059 3031 1139 3087 enim
1166 3034 1213 3089 est

194 3116 258 3175 ulla
289 3118 377 3176 ruina
409 3137 469 3177 non
500 3117 604 3177 tristis.
650 3118 723 3178 fatis
756 3120 907 3177 contraria
939 3119 1005 3176 fata
1034 3119 1212 3194 rependens:
1226 3142 1253 3182 so

194 3205 276 3279 fatis,
294 3208 402 3282 inquit,
421 3208 509 3266 malis
532 3207 697 3283 rependens
721 3208 786 3265 fata
808 3209 967 3284 contraria,
990 3207 1047 3266 hoc
1070 3210 1116 3267 est
1143 3227 1212 3267 con-

194 3314 304 3370 parans
328 3299 359 3354 11
382 3314 550 3373 exaequans
573 3296 654 3354 mala
678 3296 743 3355 fata
766 3298 837 3356 fatis
861 3298 1028 3356 contrariis
1069 3298 1119 3355 sed
1143 3315 1211 3356 con·

194 3386 296 3444 trariis
327 3403 388 3444 non
420 3387 507 3462 quasi
540 3386 672 3446 adversis
706 3386 795 3460 dixit,
824 3386 875 3444 sed
904 3389 1008 3444 contra
1035 3386 1116 3445 mala
1143 3407 1212 3462 pro-

265 3608 441 3664 1111111,
467 3616 471 3679 Ι
498 3610 547 3663 boc
566 3626 619 3663 om.
640 3609 683 3664 ed.
758 3609 949 3679 5111191111,
1024 3612 1212 3679 7111111111

164 3675 441 3735 1111111111
456 3682 577 3750 poderes
595 3680 622 3736 R
640 3696 657 3737 o
676 3696 764 3752 supra
782 3697 795 3734 1
812 3681 910 3750 posuit
926 3682 989 3750 ipae
1007 3684 1136 3749 ponderis
1154 3683 1211 3737 cd:

148 3742 287 3799 padam
297 3751 443 3813 praetuli.
540 3760 574 3810 15
591 3754 732 3827 ponderis
752 3770 809 3809 om.
824 3752 871 3807 ed.
952 3751 1119 3805 1111111111
1136 3758 1161 3804 et
1177 3754 1224 3804 ed.
