2734 4159
575 290 808 386 mnemosr
1147 332 1190 396 69

171 501 228 558 illa
261 520 321 560 non
352 503 471 559 tantum
503 502 601 575 specie
633 502 759 577 virginis
791 519 906 560 verum-
930 503 1022 560 etiam
1057 520 1192 562 sermone
1262 539 1265 550 ·

171 589 380 648 transduceret
406 588 608 664 inprudentis,
635 593 670 648 ut
695 589 734 647 cd
756 590 962 667 interrogandi
985 593 1192 650 necessitatem

172 679 277 736 venire
309 680 485 753 potuissent.
531 680 599 753 ipsa
627 698 697 755 ergo
725 679 810 754 prior
837 680 948 754 eoepitz
977 680 1063 755 heus,
1086 682 1195 755 inquit,

173 770 312 842 iuvenes,
334 771 505 834 monstrate,
530 785 663 827 meormm
685 768 800 826 vidistis
821 770 848 825 st
871 785 961 840 qnam
982 769 1028 827 tio
1050 774 1195 828 errontem

141 859 250 929 sforte
281 873 415 915 sororum
446 858 621 916 succinctam
648 856 793 929 pheretro
828 861 855 915 et
880 857 1047 916 maculosae
1074 860 1196 930 termine

173 947 268 1020 lyncis
291 951 344 1004 emt
365 947 530 1019 spumantis
552 948 620 1018 apro·
643 962 763 1004 morsum
784 945 909 1004 elamore
926 951 1113 1019 prementem.

241 1032 291 1093 sn
323 1037 431 1103 l'mms,
460 1039 486 1093 et
515 1034 635 1093 Veneris
662 1039 765 1094 contro
786 1036 828 1093 sie
849 1035 932 1107 filins
954 1051 1047 1093 orsas.
1093 1037 1247 1094 inter-326

157 1125 327 1201 rogationi
347 1123 541 1183 brevissimae
564 1128 594 1183 et
617 1143 695 1200 qnae
719 1127 821 1183 tamen
843 1125 1012 1184 necessaria
1030 1126 1196 1184 contineret

174 1212 214 1271 ad
247 1212 413 1271 fallendum
445 1205 530 1292 (nam
562 1216 592 1271 et
625 1232 762 1272 sororum
789 1212 865 1272 dixit
893 1217 922 1272 et
950 1214 1038 1290 signa
1069 1214 1196 1272 vestitus

128 1322 159 1363 1o
175 1305 268 1376 atque
281 1301 403 1361 habitus
418 1294 576 1381 expressit)
595 1302 715 1361 brevius
734 1304 799 1377 ipse
818 1301 972 1378 respondit
990 1305 1080 1377 atque
1094 1304 1147 1375 ita,
1162 1306 1197 1360 ut

175 1409 194 1448 a
217 1392 382 1465 propositis
401 1410 461 1450 non
481 1394 600 1449 erraret.
638 1392 724 1450 nullo
746 1397 866 1451 tmormm
889 1391 993 1450 ondita
1016 1392 1087 1449 mibi
1105 1409 1197 1463 meone

173 1481 241 1537 otso
258 1496 407 1538 sororum:
428 1498 482 1538 nec
500 1478 639 1554 vidimus,
652 1479 762 1556 inquit,
776 1480 910 1555 aliquam
924 1499 1061 1540 sororum
1074 1484 1196 1540 tuarum

173 1586 230 1626 neo
259 1568 428 1628 andivimus
458 1568 646 1628 clamantem.
692 1571 767 1646 ipsis
790 1569 889 1629 verbis
911 1571 1067 1645 respondit
1090 1570 1197 1645 quibus

175 1659 308 1716 cucurrit
339 1660 545 1735 interrogatio.
591 1677 661 1717 nem
694 1659 749 1717 illa
780 1658 857 1717 dixit
889 1660 915 1718 si
947 1660 1026 1719 forte
1063 1658 1197 1734 aliquam

129 1746 296 1808 recidistis
335 1750 387 1805 aut
420 1746 559 1821 audistis,
592 1747 661 1805 huic
692 1766 867 1823 responsum
899 1751 945 1807 est
978 1767 1033 1806 neo
1064 1748 1196 1807 vidimus

174 1854 230 1893 nec
266 1834 443 1894 audivimus.
499 1836 636 1911 conpleto
673 1838 769 1914 igitur
803 1855 946 1912 responso
979 1838 1197 1896 aestimationis

175 1944 269 2000 qnam
298 1924 334 1983 de
362 1927 430 1999 ipsa
452 1925 569 1984 Aeneas
595 1924 702 1984 habuit
725 1928 824 2001 coepit
847 1927 955 1984 seriem
977 1926 1138 2000 explicare:
1172 1942 1197 1991 o,

175 2032 266 2087 qmom
294 2019 320 2072 te
342 2031 508 2082 memorem,
537 2015 640 2089 oirpo?
684 2032 811 2088 nomem
833 2015 906 2073 hant
928 2015 981 2072 tibi
1002 2015 1100 2073 omltns
1123 2030 1199 2071 orror-

176 2102 246 2162 lolc's
272 2120 325 2161 mee
351 2120 407 2162 roe
434 2104 577 2161 hommem
604 2109 702 2172 sonet,
731 2104 834 2163 odeo.
881 2121 949 2161 oum
971 2105 1198 2178 pronuntiatum

129 2213 161 2253 so
175 2193 270 2250 luerit
293 2212 310 2251 o
331 2191 394 2266 dea.
413 2193 456 2251 sio
475 2192 562 2251 debet
581 2191 641 2251 diei
659 2198 743 2261 certo,
761 2211 803 2251 om
821 2193 930 2250 Phoebi
946 2209 1038 2259 soror,
1058 2210 1100 2250 cm
1117 2211 1199 2265 nym-

170 2282 305 2355 phcrmm
331 2282 486 2354 sanguinis
513 2299 589 2349 mmo,
613 2285 647 2340 ut
671 2284 711 2340 sit
735 2285 826 2356 certe,
849 2301 895 2353 an
918 2280 1031 2339 Phoebi
1054 2300 1137 2340 soror
1160 2300 1198 2338 an

175 2370 379 2445 nympharum
396 2372 551 2447 sanguinis
569 2390 639 2444 una,
653 2373 695 2429 sis
713 2372 784 2444 felic
802 2375 989 2443 nostrumque
1007 2371 1082 2428 leros
1100 2374 1250 2442 qnae-380

176 2476 300 2531 emnem
326 2460 463 2518 laborem.
509 2477 713 2535 quaecumque
740 2460 773 2519 id
801 2463 846 2518 est
878 2460 940 2518 sive
973 2477 1058 2518 soror
1084 2458 1198 2518 Phoebi

176 2550 242 2607 sive
265 2567 324 2606 nna
347 2549 556 2624 nympharum.
594 2549 752 2624 descripsit
771 2550 928 2622 incertum,
946 2547 1104 2623 descripsit
1122 2550 1198 2607 veri-

129 2638 292 2699 assimilia
324 2638 542 2712 suspicionibus
576 2638 775 2716 colligentem.
826 2656 917 2711 qnae,
952 2638 1066 2712 inquit,
1103 2639 1136 2695 in
1167 2640 1198 2697 te

176 2725 266 2786 video
298 2726 346 2785 vel
379 2746 446 2784 oum
478 2727 609 2801 loqueris
643 2726 764 2785 auribus
793 2745 877 2785 sumo
904 2745 965 2785 non
992 2730 1022 2785 te
1049 2727 1198 2785 hnmanae

176 2814 362 2876 condicionis
392 2816 566 2891 adsignant3
603 2816 733 2875 arbitror
761 2816 842 2873 enim
863 2818 894 2874 te
918 2834 982 2875 esse
1010 2814 1109 2889 deam3
1147 2814 1198 2873 sed

176 2908 211 2964 in
235 2923 269 2963 eo
293 2908 374 2963 errat
396 2903 541 2962 indicium
564 2925 676 2981 meum,
700 2905 773 2980 quia
796 2923 872 2979 quae
896 2906 937 2964 sis
960 2906 1074 2979 nescio,
1096 2908 1197 2963 utrum

177 2996 220 3053 sis
254 3012 338 3053 soror
364 2993 516 3068 Apollinis
548 2994 605 3054 hoc
635 2997 680 3053 est
708 2993 809 3053 Diana
835 3011 875 3051 an
902 3012 964 3052 una
989 2994 1198 3070 nympharum.

129 3104 161 3145 eo
177 3084 228 3141 hio
240 3082 359 3142 Aeneae
378 3083 541 3158 plurimum
560 3082 649 3141 detur
667 3084 809 3141 scientiae
828 3083 1021 3161 religionum3
1040 3084 1198 3142 nonenim

252 3286 728 3342 tetadLRedImtaetredF.
827 3286 1145 3343 letoereerishltedl
1169 3291 1199 3340 at

183 3359 214 3413 V.
231 3358 296 3412 eds.
349 3364 418 3411 7-8
433 3359 646 3429 interrogatione
661 3360 818 3414 brevissimo
832 3360 875 3415 ed.
931 3364 1045 3428 tecuae
1059 3358 1080 3410 L
1095 3373 1198 3426 cequae

176 3431 203 3482 It
226 3447 310 3498 oeqsoe
329 3430 371 3484 ed.
396 3436 421 3484 et
442 3447 512 3499 quoe
531 3446 590 3484 nos.
625 3432 630 3500 Ι
664 3432 814 3486 contineret
831 3430 883 3484 LR
906 3432 1082 3485 eontinentur
1099 3428 1142 3482 ed.

177 3507 211 3555 11
232 3503 372 3557 oberraret
386 3501 452 3556 edh'.
510 3508 542 3556 12
562 3504 655 3571 inquit
668 3518 722 3556 om.
733 3502 776 3559 ed.
794 3505 798 3572 Ι
814 3509 927 3557 inarum
940 3500 993 3553 LR
1007 3500 1198 3555 elementem

176 3572 242 3627 add.
257 3572 288 3625 in
307 3589 396 3643 marg.
409 3570 440 3626 r'.
507 3579 540 3628 19
560 3591 576 3628 o
595 3574 647 3628 deo
664 3574 717 3627 LR
735 3578 803 3628 certe
824 3574 923 3627 contra
941 3572 1063 3642 interpr.
1075 3571 1210 3625 ahhab.

233 3649 265 3696 21
284 3660 362 3699 soror
380 3661 433 3698 om.
454 3645 496 3700 ed.
569 3650 603 3699 24
621 3646 678 3703 eive
696 3646 889 3719 nympharum
902 3643 964 3702 hh
981 3644 1031 3701 eh.
1048 3661 1115 3699 mm
1128 3641 1230 3695 'rutat-

172 3732 235 3785 pos.
249 3713 276 3766 r'
289 3732 346 3767 nos.
419 3722 453 3769 25
471 3718 603 3791 eolleyems
621 3720 690 3777 eds.
763 3728 800 3779 2'1
822 3720 1011 3782 condicionis
1024 3716 1091 3773 hm
1109 3714 1161 3769 ab.
1181 3707 1248 3759 Μ)-
