2734 4159
189 323 256 387 314
469 320 610 376 DONATI
627 321 797 377 INTERPR.
816 322 924 377 Vuae.

189 492 225 550 de
253 491 349 551 salute
376 492 463 567 pueri
489 492 653 567 quaesivit,
680 492 779 551 voluit
805 510 892 551 nosse
919 494 1021 550 utrum
1043 493 1209 569 temptaret

187 579 249 638 iam
276 581 408 638 virorum
434 580 559 639 fortium
585 580 681 657 partis
710 579 847 639 imitatus
873 581 969 657 patris
1001 584 1033 640 et
1064 582 1209 641 avunculi

188 670 339 728 virtutem.

135 762 188 812 345
258 759 346 817 Talia
372 758 515 831 suadebat
541 760 703 819 lacrimans
729 758 884 832 batosque
911 760 1002 819 ciebat
1027 760 1061 818 ia
1090 776 1209 820 cassam

188 849 288 919 fletos:
322 848 413 921 nihil,
435 849 548 923 inquit,
571 849 672 907 locuta
695 851 740 906 est
763 848 827 907 sine
850 847 981 907 lacrimis
1005 847 1140 908 excitans
1163 850 1208 909 lo·
1233 869 1246 911 1

189 936 305 1012 quando
336 937 416 1013 quod
443 938 475 994 in
503 956 619 998 cassum
646 937 810 1015 plangeret.
857 937 931 1013 quid
958 940 1038 996 enim
1065 937 1208 1014 prodesse

188 1028 349 1101 potuerant
376 1025 530 1101 lacrimae,
558 1046 625 1085 cum
648 1026 740 1086 semel
763 1027 873 1085 amissa
895 1026 1031 1102 reparari
1053 1047 1114 1085 non
1138 1045 1208 1104 pos·

102 1143 105 1150 ·
188 1114 275 1174 sent?
320 1134 386 1174 cara
407 1133 468 1175 sesa
491 1134 511 1174 a
532 1116 681 1174 morsibus
704 1116 788 1175 beros
808 1116 975 1174 Priamides
997 1117 1097 1175 maltis
1118 1117 1207 1177 Hele·

187 1222 245 1263 aas
268 1206 471 1264 comitantibus
494 1206 604 1279 adfert:
636 1204 753 1263 dictura
777 1203 873 1263 adhuc
899 1204 1087 1283 intellegitur
1114 1205 1208 1266 fuisse

188 1295 332 1370 conplura
359 1296 390 1352 et
415 1312 611 1370 responsurus
638 1294 743 1369 procul
770 1293 860 1353 dubio
887 1294 947 1353 fuit
969 1293 1086 1354 Aeneas
1113 1295 1208 1354 inter·
1221 1317 1246 1357 11

187 1382 393 1459 rogationibus
421 1401 503 1441 mera
534 1382 721 1459 benignitate
752 1382 892 1459 prolatis,
921 1384 973 1442 sed
999 1402 1036 1441 ne
1063 1382 1096 1441 id
1120 1383 1209 1444 fieret

187 1470 294 1530 Heleni
309 1471 453 1531 adventus
468 1472 574 1545 effecit,
589 1471 640 1547 qui
656 1490 725 1530 cum
743 1490 853 1550 magna
872 1472 1065 1532 deductorum
1084 1476 1208 1533 caterva

186 1560 358 1635 insperatus
381 1561 573 1635 processerat.
608 1560 682 1619 bene
705 1560 876 1620 interventu
898 1560 1007 1621 Heleni
1029 1578 1208 1637 responsum

186 1647 306 1707 Aeneae
329 1652 418 1724 poeta
441 1648 602 1724 subtraxit,
625 1651 717 1709 nain
740 1651 885 1709 relatione
908 1651 971 1710 eius
994 1653 1066 1709 nota
1091 1652 1122 1709 et
1145 1654 1208 1712 iam

187 1737 267 1797 diota
294 1739 507 1813 repeterentur.
554 1742 737 1812 opposuitque
763 1756 831 1797 scos
859 1741 1008 1813 laetasque
1035 1740 1076 1799 aa
1098 1740 1245 1802 libanam

186 1828 279 1886 dacii:
302 1828 374 1885 fecit
391 1825 524 1886 Helenus
548 1828 629 1903 quod
652 1830 699 1886 est
715 1829 795 1887 inter
812 1829 946 1888 homines
965 1847 1054 1905 saepe
1073 1827 1206 1889 difficile.
1261 1896 1264 1902 ¹

186 1915 324 1974 nonnulli
342 1918 422 1974 enim
439 1917 577 1975 fortunae
596 1916 745 1994 suffragiis
764 1917 837 1975 fulti
855 1917 1025 1993 despiciunt
1042 1936 1112 1977 suos
1131 1937 1207 1994 quos

187 2004 251 2063 fata
278 2004 452 2078 deiecerint,
483 2006 622 2065 nonnulli
648 2006 762 2081 pudore
792 2008 893 2081 potius
926 2026 1017 2082 quam
1047 2006 1206 2067 voluntate

185 2092 309 2151 humani
341 2098 418 2154 sunt.
463 2096 521 2153 iste
549 2093 580 2153 et
608 2096 732 2171 agnovit
759 2114 827 2154 suos
856 2098 886 2153 et
918 2096 1014 2156 laetus
1047 2094 1135 2155 duxit
1166 2097 1207 2156 ad

186 2181 315 2241 domum.
362 2188 388 2242 et
413 2186 538 2242 motata
565 2186 704 2243 lacrimas
731 2186 819 2243 cerba
846 2186 923 2244 tator
949 2186 1068 2258 siapala
1090 2186 1206 2258 fwaait:
1220 2208 1245 2247 se

187 2274 221 2328 ut
243 2272 348 2331 modus
371 2273 530 2332 verborum
552 2274 745 2332 lacrimarum
769 2275 856 2350 copia
879 2276 1056 2333 vinceretur.
1094 2294 1155 2334 uno
1173 2275 1207 2333 in

185 2360 251 2419 loco
275 2362 349 2419 duos
371 2366 470 2422 motus
494 2364 588 2421 animi
611 2362 715 2421 eodem
737 2366 871 2437 tempore
889 2362 1004 2422 Heleno
1028 2362 1120 2437 dedit,
1145 2362 1206 2423 lae·

186 2450 272 2508 titiae
301 2452 415 2510 scilicet
443 2455 472 2510 et
499 2453 656 2524 maeroris,
684 2454 736 2527 qui
759 2454 830 2510 sunt
852 2452 911 2511 sibi
934 2471 969 2510 ex
992 2452 1112 2512 adfectu
1135 2471 1206 2512 con·

186 2539 286 2616 trarii3
309 2560 379 2599 nam
399 2541 546 2616 quomodo
565 2540 663 2601 laetus
682 2542 789 2616 fuerat,
808 2544 834 2600 si
852 2541 964 2617 iugiter
982 2538 1093 2600 flebat?
1124 2542 1207 2617 quod

186 2628 299 2687 laetum
327 2629 403 2688 dixit
429 2634 459 2689 et
481 2630 614 2704 flentem,
642 2630 772 2689 alterum
794 2631 854 2689 fuit
877 2630 957 2706 quod
980 2630 1102 2689 videbat
1125 2650 1206 2706 suos,
1220 2653 1246 2694 aa

186 2717 314 2776 alterum
342 2718 420 2794 quod
448 2720 596 2777 malorum
624 2719 825 2778 communium
852 2719 1019 2778 recordatio
1053 2718 1207 2780 dolentem

185 2807 310 2884 cogebat
338 2808 377 2867 ad
403 2809 551 2868 lacrimas.
591 2808 732 2882 procedo,
763 2810 876 2884 inquit,
909 2810 965 2867 hoc
998 2811 1044 2867 est
1074 2810 1205 2870 ulterius

130 2896 310 2956 350accedo.
356 2902 529 2971 otparoam
553 2897 674 2956 Troiam
696 2898 891 2971 simulataque
918 2899 1033 2970 mapale
1055 2898 1206 2971 Pergama

186 2989 212 3043 et
242 2990 372 3045 arratam
404 2987 518 3046 Xoatbc'
554 2989 720 3059 coaaomiae
755 2989 852 3045 rivam
885 3004 1007 3061 oyooscc
1039 2987 1206 3061 Scaeaeque

185 3076 340 3148 amplector
371 3077 476 3135 limiae
500 3078 619 3147 portae:
659 3076 822 3151 plurimum
851 3076 1022 3155 derogasset
1049 3076 1245 3140 nobilitatise

184 3166 301 3237 patriae
328 3182 413 3238 suae,
443 3164 469 3223 si
497 3163 664 3223 consimilia
692 3163 802 3224 diceret
830 3184 901 3224 cura
924 3164 1031 3223 Heleni
1058 3164 1123 3223 fieri
1149 3184 1205 3242 po·

183 3253 277 3313 tuisse
296 3274 388 3330 quam
406 3255 498 3311 faisse
517 3252 630 3312 sciebat
647 3252 679 3310 in
698 3254 797 3312 Troia.
810 3291 815 3300 ·
827 3254 938 3313 idcireo
956 3254 1057 3329 posuit
1075 3274 1205 3330 parvam

184 3341 306 3401 Troiam
334 3344 533 3417 simulataque
561 3344 678 3419 magnis
702 3341 848 3421 Pergama
876 3346 906 3402 et
932 3347 1065 3402 arentem
1088 3344 1205 3403 Xanthi

256 3569 350 3622 beina
369 3568 518 3622 laer-icauna
536 3565 561 3618 R
579 3581 648 3619 corr.
664 3583 684 3619 r.
756 3567 862 3620 braim
882 3582 934 3621 em.
951 3567 994 3621 ed.
1067 3573 1099 3620 10
1119 3585 1204 3636 qaam

168 3638 265 3705 plum
281 3658 303 3694 r.
390 3645 421 3693 11
442 3654 516 3691 mera
535 3636 586 3689 LR
605 3637 676 3690 nri-ra
695 3654 709 3689 r
728 3643 806 3691 tauta
825 3637 868 3691 ed.
950 3644 983 3691 14
1002 3639 1084 3693 etiam
1103 3639 1146 3693 ed.

167 3715 207 3765 28
216 3715 346 3781 procedo
366 3714 434 3771 ante
454 3718 480 3769 et
494 3728 616 3784 parcam
633 3707 766 3779 interpol.
785 3708 829 3762 eb.
