2734 4159
577 319 808 375 AENEIDOSII
1135 320 1201 388 209
1228 381 1230 385 .

184 492 316 553 clamore
344 491 456 565 vocati,
484 490 542 548 erit
566 509 660 548 unum
682 492 774 565 etque
797 492 1001 565 coniunctum,
1028 492 1064 550 ut
1086 492 1127 550 sit
1148 510 1203 567 per

183 582 307 640 illorum
324 581 452 638 mortem
470 581 501 637 et
518 578 630 637 Panthi
647 580 784 655 protinus
802 579 872 639 inde
891 579 1070 655 divellimur,
1083 580 1202 657 Iphitus

184 672 216 729 et
238 668 339 728 Pelias
367 667 546 728 clamoribus
573 667 673 727 vocati
701 686 817 727 mecum
845 668 898 744 qui
920 688 956 727 ex
978 669 1066 728 domo
1089 668 1203 729 Priami

183 757 390 818 mittebantur.
424 756 503 816 unde
520 760 589 832 post
611 756 820 817 iusiurandum
837 777 899 817 non
917 760 1008 834 caput
1024 759 1097 816 fecit
1116 761 1203 834 quasi

155 866 282 913 suevae
304 847 473 919 relationis,
499 846 551 905 sed
572 847 719 905 remeavit
742 846 781 906 ad
803 866 838 906 ee
862 865 881 906 a
903 846 1010 923 quibus
1032 851 1203 920 recesserat,

184 940 220 995 ut
242 938 364 996 iuraret.
401 934 537 1011 protinus
561 935 600 994 ud
623 935 707 995 sedes
729 935 843 994 Priami
865 954 981 995 mecum
1004 936 1133 995 clamere
1151 956 1202 996 ve-

184 1026 261 1099 oati,
288 1044 348 1084 non
375 1024 547 1100 specialiter
572 1024 674 1087 ¹vocati
702 1025 740 1084 ab
770 1025 885 1100 ulique,
918 1026 969 1083 sed
999 1025 1112 1085 clamor
1138 1028 1203 1101 ipse

184 1114 365 1192 suggerebat
397 1110 631 1174 subvenienddm
663 1132 726 1173 esse
754 1114 856 1174 domui
883 1115 963 1191 regis
991 1113 1111 1173 Priami.
1156 1116 1204 1173 bie

184 1220 253 1263 ¹uero
284 1205 428 1277 ingentem
449 1220 598 1276 υυυυαηι,
624 1220 677 1262 eeu
704 1206 797 1262 cetero
822 1221 971 1277 nusquam
998 1202 1072 1263 bella
1098 1206 1202 1277 forent

141 1318 170 1359 ιο
184 1292 265 1353 culli
286 1296 346 1352 tcto
367 1296 548 1351 morerentur
569 1293 602 1350 in
624 1292 705 1360 urbe,
728 1294 771 1350 sic
788 1293 919 1352 Martem
940 1293 1112 1351 indomitum
1129 1293 1258 1352 Der-440

183 1398 315 1453 neceque
337 1382 378 1439 cd
401 1383 473 1439 tectu
495 1382 607 1439 ruentis
629 1383 776 1441 cemimus
797 1382 999 1456 obsessosque
1027 1385 1092 1441 celo
1118 1386 1204 1441 testu-

185 1472 256 1532 ciue
278 1470 381 1529 Μυκη·
409 1470 467 1543 hio,
489 1471 598 1544 inquit,
621 1471 776 1548 ingentem
797 1490 933 1548 pugnem
955 1473 1102 1531 cernimus
1125 1470 1203 1532 Mar·

184 1564 307 1635 temque
333 1559 514 1618 indomitum
541 1558 689 1618 cernimus
711 1558 892 1635 Danaosque
919 1559 958 1619 ad
984 1563 1066 1619 tecta
1090 1562 1204 1620 ruentis

186 1650 336 1709 cernimus
372 1648 582 1723 obsessumque
619 1651 688 1707 acta
728 1648 878 1708 testudine
919 1650 1011 1708 limen
1049 1650 1204 1710 cernimus.

141 1763 171 1804 15
187 1741 275 1797 tanta
298 1736 361 1796 illic
384 1739 485 1795 autem
507 1736 553 1796 vis
575 1756 695 1814 pugnae
717 1738 817 1797 fuerat
839 1740 984 1814 tantaque
1003 1739 1056 1799 illo
1074 1740 1205 1799 bostium

186 1826 350 1887 multitudo
377 1826 579 1899 confluxerat,
612 1828 699 1901 quasi
731 1845 784 1903 per
816 1830 929 1886 ceteres
960 1830 1095 1905 regiones
1123 1828 1205 1887 urbis

187 1934 338 1991 nusquam
359 1918 552 1993 pugnaretur,
574 1916 653 1974 nulli
675 1916 814 1975 caderent
837 1917 924 1976 ferro.
970 1936 1007 1975 ne
1035 1918 1206 1992 frequenter

187 2009 314 2082 poneret
332 2006 479 2063 cernimus
499 2007 530 2063 et
546 2007 684 2080 turparet
702 2005 864 2065 dictionem
882 2023 976 2079 suam,
995 2007 1085 2064 semel
1103 2008 1205 2081 posuit

189 2094 346 2167 cernimus,
364 2093 424 2168 sed,
443 2093 532 2153 sicuti
554 2112 646 2169 supra
669 2096 867 2171 exposuimus,
885 2114 940 2169 pro
960 2095 1131 2170 frequenter
1153 2114 1205 2170 po-

141 2210 172 2250 ro
188 2186 248 2243 sito
271 2183 359 2241 debet
381 2182 523 2260 intellegi.
559 2201 648 2242 consa
672 2186 775 2242 eutem
798 2202 873 2258 quee
896 2182 988 2241 fuerit
1009 2183 1089 2241 tenti
1112 2187 1205 2242 certe-

187 2271 278 2333 minis
301 2272 333 2330 in
357 2275 461 2347 operto
484 2275 542 2346 est3
566 2272 609 2330 ibi
632 2274 713 2331 enim
736 2273 795 2331 fuit
817 2291 877 2346 rex,
900 2290 976 2330 uxor
999 2290 1034 2330 ac
1055 2271 1151 2347 liberi,
1173 2272 1206 2329 bi

187 2365 311 2437 propter
337 2362 481 2420 maiorem
507 2362 652 2420 victoriae
679 2361 807 2438 gloriam
835 2364 888 2420 aut
911 2360 1063 2420 occidendi
1085 2362 1206 2421 fuerant

188 2452 244 2509 aut
267 2450 417 2525 capiendi3
444 2452 600 2525 praeterea
624 2451 703 2526 quod
726 2450 789 2508 illic
812 2453 1001 2525 sperarentur
1023 2451 1138 2528 regales
1162 2451 1205 2509 di·

187 2540 282 2599 vitiae
306 2538 482 2598 aviditatem
501 2540 672 2615 expleturae
691 2541 822 2604 uictoris.
858 2538 1015 2599 obsidebat
1032 2540 1123 2598 limen
1143 2541 1206 2599 eius

143 2654 172 2694 25
187 2628 322 2702 testudo,
348 2629 470 2688 haerent
490 2629 657 2701 perietibus
683 2630 782 2688 scolae
804 2632 957 2702 postesque
983 2630 1037 2689 sub
1059 2631 1139 2702 ipsos
1160 2632 1206 2688 ct-

189 2722 292 2776 ΜυυΜυ
312 2718 464 2791 gradibus,
482 2718 643 2791 clipeosque
661 2736 696 2776 ae
714 2719 772 2776 tela
788 2720 918 2777 circuiris
930 2721 1053 2791 protem
1070 2720 1205 2787 obiciunt,

183 2811 331 2880 prensant
352 2808 474 2881 fastigia
496 2808 620 2866 dextris:
641 2808 803 2866 manifeste
826 2807 1000 2885 descriptio,
1024 2808 1077 2867 elii
1096 2810 1207 2884 quippe

190 2895 366 2956 obsidebant
390 2899 459 2954 ente
481 2897 569 2970 fores,
592 2916 646 2972 per
668 2916 743 2972 ques
765 2898 869 2975 fugere
891 2900 1014 2972 possent
1037 2899 1090 2973 qui
1112 2898 1207 2956 eleusi

189 2985 381 3058 tenebantur,
408 2985 462 3042 alii
489 3005 543 3061 per
569 2986 667 3045 scales
696 2986 734 3045 ad
761 3004 877 3045 summa
906 2985 1081 3059 tendebant,
1114 2988 1207 3059 scuta,

149 3098 176 3137 eo
190 3076 303 3150 inquit,
331 3076 361 3132 et
388 3074 505 3151 gladios
534 3074 664 3134 sinistris
692 3075 829 3134 menibus
856 3079 991 3133 tenentes
1016 3093 1050 3133 ec
1072 3077 1207 3153 tegentes

190 3182 317 3240 corpore
335 3182 389 3221 sue
407 3167 531 3238 propter
549 3183 584 3222 ee
602 3183 678 3240 quae
698 3164 733 3222 de
752 3183 866 3222 summo
885 3163 1079 3238 iaciebantur,
1097 3163 1207 3222 dextris

189 3272 260 3311 vero
284 3252 465 3327 nitebantur,
488 3256 523 3311 ut
545 3255 694 3312 tectorum
716 3254 839 3330 fastigia
862 3256 1048 3327 occuparent.
1084 3253 1208 3329 fastigia

190 3344 245 3402 aut
267 3344 423 3416 tectorum,
448 3344 481 3399 ut
504 3342 640 3416 diximus,
663 3344 764 3417 posuit
787 3345 840 3401 aut
865 3343 1021 3417 superiora
1049 3342 1207 3417 parietum,

265 3499 297 3546 15
317 3500 407 3548 autem
424 3494 484 3548 illic
498 3512 522 3547 r.
594 3498 627 3546 16
646 3494 816 3547 concluserat
833 3494 859 3546 It
876 3494 1047 3561 emedoeeerat
1062 3510 1078 3545 r
1092 3519 1126 3537 =
1140 3492 1170 3545 L.

191 3571 226 3618 26
249 3582 283 3619 oc
303 3566 359 3619 ,telo
376 3565 429 3617 LR
450 3566 579 3619 firmetur
601 3564 836 3633 interpretatione
859 3566 897 3619 ac
914 3571 933 3618 t.
952 3581 973 3616 r.
1083 3569 1118 3616 28
1137 3565 1213 3629 (ores

188 3636 334 3759 {egenita}
349 3637 393 3759 gd.
406 3654 461 3705 per
478 3654 547 3705 quas
564 3635 609 3690 vel
627 3653 684 3708 qua
701 3634 734 3693 r'.
824 3642 862 3693 ti
880 3635 1063 3706 foetebeutus
1075 3634 1142 3685 'trit
1158 3647 1238 3746 eurr.

227 3802 285 3843 Don.
299 3805 397 3854 interpr.
410 3808 479 3861 Verg.
504 3813 552 3855 vol.
568 3815 590 3859 Ι.
1001 3802 1047 3851 Ἃ
