2734 4159
228 314 295 381 546
510 312 651 369 DONATI
667 313 837 367 INTERPR.
856 312 964 368 VERG.

229 484 364 559 consilia,
382 482 434 542 sed
451 483 537 542 illam
552 502 670 559 quoque
690 501 767 559 quae
784 501 1036 559 unumquemque,
1055 483 1151 542 etiam
1169 483 1254 542 locu·

228 574 339 648 pletem
363 572 446 631 ducit
468 574 503 631 ut
526 573 625 631 aliena
652 573 754 648 rapiet
781 590 816 631 ac
834 571 981 631 violenter
1008 571 1151 645 invadat,
1183 572 1254 649 ipso

229 662 352 721 docente
375 661 519 739 Vergilio,
543 663 596 737 qui
618 660 663 720 ait
687 657 731 741 (3,
752 652 807 737 56)
833 660 923 737 „quid
942 679 1002 719 non
1019 660 1164 719 mortalia
1181 679 1252 737 pec·

228 753 296 809 tora
319 751 408 829 cogis,
431 750 496 809 auri
519 768 604 809 sacra
625 747 751 810 famoel“
774 768 810 808 ac
827 751 926 827 turpis
944 750 1081 827 Egestae,
1104 750 1250 826 quoniam

229 839 362 899 defectus
394 838 579 899 substantiae
612 838 771 898 familiaris
808 837 950 898 deformis
983 839 1059 898 facit
1088 840 1187 898 macie
1220 842 1281 900 eti

227 930 324 1005 ipsius
352 930 484 1004 corporis
512 928 607 1000 cultu3
635 927 784 987 terribiles
811 929 879 998 visu
905 929 1033 1002 formae,
1063 928 1156 987 etiem
1185 929 1249 989 solo

229 1021 350 1094 aspectu
373 1019 517 1077 terrorem
538 1016 727 1092 incutientes,
750 1017 858 1075 Letum
881 1020 911 1075 et
929 1015 1041 1076 Labor:
1064 1036 1144 1077 mors
1168 1019 1249 1077 enim

228 1110 258 1166 ot
280 1106 366 1165 labor
388 1106 484 1165 odiosi
507 1108 590 1180 sunt3
621 1123 718 1181 neque
742 1104 821 1165 enim
845 1105 1063 1183 adpetuntura
1086 1124 1251 1183 quoquam,

229 1195 280 1254 sed
311 1196 489 1273 ingenmtur
519 1196 636 1269 invitis3
673 1197 741 1253 tum
772 1195 1010 1274 consanguineus
1041 1195 1111 1254 Leti
1142 1194 1250 1273 Sopor,

229 1286 370 1360 quoniam
393 1302 522 1343 somnus<
541 1286 572 1343 et
593 1303 674 1343 mors
697 1303 789 1361 prope
812 1284 902 1343 unius
925 1286 996 1343 sunt
1018 1285 1149 1362 generis:
1178 1304 1250 1345 uam
1263 1304 1286 1346 ie

229 1374 281 1448 qui
308 1373 431 1447 dormit,
463 1372 586 1449 perinde
617 1374 692 1432 facit
724 1392 758 1434 ac
790 1375 935 1448 mortuus,
967 1372 1023 1433 hoc
1050 1374 1114 1433 solo
1144 1373 1252 1449 dicut,

230 1462 309 1537 quod
332 1462 470 1523 recedens
494 1480 614 1522 somnus
636 1461 736 1521 reddit
758 1461 910 1521 hominem
927 1464 1018 1537 vitae,
1040 1480 1121 1521 mors
1145 1465 1251 1523 autem

227 1551 457 1627 inreparabilem
483 1554 567 1611 tenet
595 1571 684 1627 quem
711 1552 789 1610 forte
817 1551 995 1628 possederit3
1026 1552 1108 1610 mala
1137 1553 1252 1613 mentis

229 1636 358 1699 Gaudia:
399 1640 472 1700 haec
508 1643 579 1699 sunt
616 1658 692 1716 quae
728 1641 760 1698 in
802 1642 912 1700 scelera
948 1640 1082 1705 homines
1118 1640 1251 1701 ducunt:

229 1729 347 1789 adulter
378 1729 503 1806 quippe,
537 1730 630 1805 latro,
665 1728 816 1789 homicida
848 1732 879 1789 ot
909 1731 1115 1789 universorum
1150 1732 1250 1790 crimi-
1263 1749 1285 1790 rs

227 1839 299 1877 num
331 1818 389 1894 rei,
422 1838 489 1877 cum
519 1819 604 1878 lucro
634 1819 821 1895 voluptatem
853 1818 890 1877 de
922 1818 1082 1879 sceleribus
1113 1821 1249 1896 capiunt,

228 1908 324 1967 sicin
352 1909 433 1967 mala
461 1908 571 1987 gaudia
598 1907 816 1985 perducuntur3
843 1907 913 1967 inde
941 1909 1042 1966 autem
1068 1908 1151 1966 mala
1178 1911 1249 1969 suut

227 1997 375 2057 eiusmodi
408 1998 531 2077 gaudia,
564 1999 649 2073 quie,
682 1998 709 2055 si
741 1996 821 2071 apud
846 2014 967 2071 superos
993 1996 1093 2056 inulta
1125 1998 1248 2073 fuerint,

228 2086 307 2162 apud
334 2087 445 2146 inferos
473 2087 652 2162 puniuntur:
685 2085 758 2162 quid
786 2086 881 2163 igitur
909 2103 982 2160 opus
1013 2087 1058 2145 est
1090 2086 1147 2146 hoc
1174 2107 1246 2165 gau·

227 2175 345 2233 diorum
382 2195 475 2253 genus
512 2176 593 2235 mala
633 2178 734 2234 mente
772 2176 893 2248 sectari,
933 2174 958 2233 si
996 2174 1071 2233 haec
1113 2176 1278 2250 quolibetro

227 2265 360 2341 tempore
388 2264 436 2322 vel
464 2264 529 2322 loco
562 2263 742 2342 gravissima
769 2282 866 2340 poena
898 2261 1111 2338 consequitur?
1142 2266 1245 2324 morti·

226 2352 323 2410 ferum
351 2351 484 2411 Bellum:
515 2354 631 2411 nullum
660 2356 706 2413 est
733 2354 812 2410 enim
839 2352 950 2411 bellum
984 2352 1064 2427 quod
1092 2372 1154 2413 esse
1184 2356 1245 2414 sine

227 2440 380 2499 funeribus
403 2443 512 2517 possit3
539 2442 628 2501 ferrei
650 2441 851 2501 Eumenidum
873 2442 1013 2516 thalami,
1042 2440 1122 2517 duri,
1145 2442 1178 2500 id
1203 2446 1246 2502 est

226 2530 361 2604 inmitem
389 2533 420 2588 ot
442 2530 599 2589 Discordia
622 2532 755 2606 demens,
788 2551 864 2607 quae
886 2531 1030 2589 dementis
1053 2532 1147 2591 faciat
1172 2551 1246 2609 quos

227 2618 304 2676 forte
327 2620 523 2679 commiserit:
551 2638 611 2679 non
637 2624 764 2697 possunt
792 2622 903 2696 quippo
931 2640 992 2680 esse
1020 2621 1138 2698 integro
1164 2624 1282 2683 statuas

226 2708 334 2766 mentis
367 2709 420 2783 qui
452 2710 564 2767 fuerint
596 2709 745 2768 discordia
777 2713 945 2787 emergente
975 2708 1134 2783 flammati3
1174 2711 1248 2770 dicit

227 2798 290 2856 eius
314 2800 464 2871 ornatum,
492 2800 527 2855 ut
555 2817 590 2857 ex
613 2815 646 2856 eo
670 2802 816 2873 appareat
838 2799 886 2857 vel
910 2799 1007 2874 qualis
1036 2800 1104 2874 ipsa
1134 2800 1176 2858 sit
1198 2800 1246 2859 vol

227 2885 323 2960 qualis
347 2886 473 2945 efficiat:
496 2887 659 2963 vipereum,
682 2888 791 2961 inquit,
814 2890 926 2946 crinem
944 2889 1029 2946 vittis
1048 2888 1158 2946 innexa
1181 2907 1247 2947 cru·

226 2977 319 3048 entis,
350 2975 388 3032 ad
417 2977 513 3033 vicem
546 2975 635 3034 crinis
668 2975 854 3051 serpentibus
887 2976 1105 3036 circumdatum
1137 2977 1246 3037 habuit

226 3066 316 3139 ceput
338 3063 423 3123 vittis
448 3083 565 3139 quoque
589 3064 719 3123 cruentis
741 3064 857 3123 innexa.
1257 3086 1277 3128 a

297 3272 423 3338 ‹lterpis
441 3285 494 3322 om.
509 3269 552 3323 ed.
627 3270 752 3324 8odiosi
769 3268 795 3323 V
813 3271 908 3325 odiosa
927 3270 969 3324 ed.
987 3272 991 3337 Ι
1012 3289 1030 3324 a
1049 3287 1102 3339 quo
1121 3272 1245 3338 quoliV

225 3356 294 3394 corr.
310 3341 353 3394 ed.
423 3347 456 3394 15
476 3346 543 3394 et-
557 3346 588 3393 lo
607 3342 649 3396 rei
667 3356 720 3393 om.
736 3341 779 3394 ed.
849 3346 882 3394 16
902 3358 963 3395 cem
982 3342 1060 3396 locro
1077 3343 1245 3410 voluptatem

224 3411 249 3465 V
268 3418 294 3466 et
311 3412 445 3481 interpos.
461 3412 503 3465 ed.
524 3413 599 3465 lucro
617 3428 677 3465 noe.
736 3419 769 3466 18
789 3413 870 3481 quasi
883 3412 908 3465 V
923 3412 967 3466 ed.
982 3414 1049 3482 quio
1066 3414 1092 3467 si
1110 3413 1154 3466 ed.
1168 3418 1245 3483 post

278 3489 312 3537 23
331 3485 362 3537 id
380 3489 419 3538 est
436 3483 461 3537 V
480 3483 563 3537 iidem
582 3483 625 3538 ed.
681 3488 715 3537 24
734 3501 803 3552 quoe
821 3485 952 3538 demeritis
968 3484 1245 3549 saciotVdemenies

223 3556 297 3609 enim
314 3555 385 3622 facit
403 3555 446 3610 ed.
525 3559 558 3606 25
577 3555 739 3609 commiserit
756 3555 781 3609 V
800 3556 899 3623 ceperit
917 3555 960 3607 ed.
986 3556 989 3625 l
1020 3557 1120 3624 quippe
1138 3555 1163 3609 V
1184 3560 1246 3626 qei-

223 3627 284 3680 dem
302 3626 345 3681 ed.
420 3632 453 3679 26
472 3627 608 3694 flammati
624 3624 650 3678 V
669 3627 727 3693 inti.
748 3628 791 3681 ed.
865 3629 899 3678 28
919 3628 1009 3694 qualis
1027 3625 1052 3679 V
1071 3627 1190 3694 qualia?

216 3703 254 3754 30
273 3700 381 3756 innexo
399 3698 424 3754 V
444 3715 523 3754 num
541 3696 584 3751 ed.

717 3913 780 3925 *-
