2734 4159
460 342 465 352 ’
580 359 807 415 Anunmosv
1139 313 1212 426 491.

184 546 268 599 suos,
300 530 369 589 binc
399 531 530 589 enoaimu
557 546 649 603 porro
676 532 787 604 occepit
812 529 909 589 Rornc
936 534 963 589 et
983 532 1119 604 petrium
1145 548 1205 591 eer-

184 620 268 679 oacit
297 620 448 688 honorem,
481 619 627 692 Troiaque
657 636 750 688 nunc,
777 621 868 693 pueri
900 620 1065 679 Troianum
1096 621 1205 680 dicitur

184 725 306 783 npmem
342 710 461 768 tantum
492 710 642 767 certamen
677 707 755 766 illud
790 707 898 768 habuit
933 710 1063 786 gratiae,
1099 712 1135 768 ut
1166 708 1205 769 ad

184 799 322 874 posteros
345 816 464 873 quoque
491 799 522 856 et
548 816 602 873 per
624 796 792 856 Romanum
821 814 914 876 genus
941 798 1023 857 mitti
1049 798 1204 873 meruerit3

157 905 257 946 enam
279 888 395 962 primus
417 885 566 946 Ascanius
589 905 648 963 quo
672 886 710 945 ad
738 887 888 945 tumulum
911 889 961 947 avi
985 888 1033 945 sui
1056 886 1204 946 Anchisae

185 994 293 1053 genere
318 975 488 1036 certaminis
515 975 590 1035 lusit
619 977 735 1035 censuit
763 975 975 1051 revocandum,
1004 993 1071 1034 cum
1094 975 1205 1035 Albam

185 1068 321 1141 cingeret
342 1063 445 1123 muris,
491 1064 678 1141 intellegitur
705 1067 777 1124 tunc
803 1065 891 1124 ludos
920 1064 1059 1124 habuisse
1082 1067 1206 1140 proptor

184 1152 337 1213 laetitiam
359 1153 496 1213 conditae
519 1154 665 1229 civitatis3
695 1173 749 1230 per
771 1172 924 1213 murorum
952 1155 1032 1213 enim
1058 1153 1205 1213 fabricam

184 1246 284 1303 totam
306 1243 461 1302 civitatem
483 1242 623 1303 debemus
651 1242 793 1319 accipere.
841 1242 988 1319 quomodo
1016 1245 1118 1301 autem
1140 1244 1205 1318 ipse

143 1352 171 1391 io
186 1330 335 1408 exhibuit,
363 1332 405 1391 sic
427 1334 588 1391 tenuerunt
610 1332 723 1390 Albani
746 1335 775 1391 et
803 1334 1007 1392 consecratum
1034 1332 1205 1392 habuerunt

185 1421 340 1498 piaculum
367 1422 573 1498 aestimantes,
603 1422 630 1480 si
657 1421 736 1480 hunc
764 1441 853 1497 quem
876 1422 1023 1481 Ascanius
1045 1420 1205 1482 induxerat

185 1529 300 1570 morem
322 1512 601 1586 praetermisissent.
647 1528 702 1569 nec
731 1512 792 1587 ipsi
818 1513 937 1570 tantum
966 1512 1019 1585 qui
1041 1510 1205 1570 Ascanium

184 1600 326 1658 viderant
349 1602 527 1658 curavenmt
549 1618 613 1659 esse
635 1600 828 1674 servandum,
851 1599 903 1659 sed
925 1599 1091 1659 docuemmt
1113 1601 1205 1659 etiam

185 1707 268 1749 suos:
298 1690 477 1764 tantumque
504 1688 591 1749 istius
613 1689 758 1748 memoria
782 1689 892 1764 valuit,
922 1691 957 1747 ut
986 1688 1026 1747 ad
1053 1688 1204 1748 Romanos

142 1797 169 1837 15
186 1781 278 1853 atque
310 1796 413 1837 eorum
444 1780 580 1854 posteros
611 1778 775 1837 reverenda
809 1778 1016 1838 observatione
1053 1778 1203 1838 transiret.

185 1866 313 1941 denique
337 1886 375 1926 ne
398 1868 482 1945 origo
505 1868 593 1927 istius
616 1868 693 1926 ritus
717 1867 844 1927 saeculis
866 1866 1036 1927 labentibus
1058 1868 1203 1943 interiret,

184 1976 253 2015 cum
286 1957 447 2032 quotannis
475 1956 564 2015 ludus
600 1958 664 2033 ipse
695 1956 872 2032 replicatur,
905 1956 997 2017 Troia
1032 1955 1142 2015 dicitur
1174 1960 1204 2016 et

184 2046 349 2103 Troianum
372 2063 479 2122 agmen
502 2046 657 2105 adseritur.

253 2135 323 2193 Hoc
336 2135 478 2194 celebrato
492 2138 688 2193 anuscanae
708 2136 869 2194 certamino
877 2135 971 2208 patre,
993 2135 1062 2193 hinc
1070 2136 1204 2208 primam

138 2226 307 2298 sosoriano
331 2223 420 2296 Mean
445 2227 558 2283 mutato
580 2226 714 2282 uocauit:
741 2242 808 2281 oum
832 2224 976 2283 hactenus
999 2223 1055 2282 hoc
1078 2230 1124 2283 est
1146 2223 1204 2282 huc

183 2330 279 2389 usque
303 2313 430 2372 fuissent
451 2312 517 2371 ludi
539 2316 570 2371 et
592 2330 694 2372 securo
719 2331 806 2372 cursu
828 2331 875 2372 res
894 2312 1040 2372 Troianae
1064 2311 1204 2372 duceren-

183 2405 243 2477 tur,
261 2403 384 2478 repente
402 2402 520 2461 mutata
538 2402 659 2460 fortuna
678 2405 724 2461 est
743 2404 781 2479 et,
804 2404 839 2460 ut
856 2404 954 2477 primo
972 2402 1080 2476 fuerat,
1099 2402 1204 2461 effecta

184 2493 232 2549 est
253 2492 364 2549 iterum
385 2491 474 2550 mala.
521 2490 669 2567 quomodo
693 2491 763 2549 talis
791 2491 872 2550 facta
899 2490 940 2549 sit
967 2490 1203 2551 demonstratur:

183 2580 257 2639 dcun
279 2581 373 2639 ocrim
396 2580 507 2638 tornulo
529 2580 662 2652 referunt
679 2581 834 2639 eolleumio
852 2580 940 2649 ludu,
962 2579 1041 2639 Irim
1059 2580 1094 2638 de
1116 2580 1257 2638 ccelotoo

138 2687 169 2728 aa
183 2671 267 2730 misit
287 2667 431 2727 Saturnio
449 2668 528 2727 Iunc
544 2669 674 2728 Iliacum
697 2670 737 2727 cd
759 2669 881 2728 classem
898 2672 1051 2741 cautosque
1070 2669 1205 2741 adspirat

184 2760 282 2818 eunt:
300 2758 370 2815 dum
386 2775 486 2817 omncs
500 2759 611 2817 intenti
624 2755 764 2816 ludorum
774 2757 971 2817 varietatibus
986 2757 1205 2817 delectarentur

184 2851 217 2906 et
239 2846 413 2905 exhiberent
435 2847 592 2922 sepulchro
619 2847 790 2922 sollemnia,
818 2846 891 2905 Irim
918 2847 994 2906 Iuno
1022 2846 1143 2907 demisit
1166 2845 1204 2906 ad

183 2940 280 2995 terres
308 2954 324 2995 e
351 2934 523 3012 regionibus
551 2936 628 2995 caeli
655 2936 694 2994 ad
722 2956 789 2995 eam
815 2936 914 2995 litoris
937 2937 1055 3012 partem
1082 2938 1114 2995 in
1144 2954 1205 3012 qua

184 3043 278 3084 naves
301 3026 420 3083 tantum
442 3026 564 3085 fueraut
586 3028 617 3084 et
635 3026 834 3084 Troianorum
857 3026 995 3084 feminae.
1041 3027 1204 3101 ventosque

140 3135 169 3175 sc
184 3114 321 3190 adspirat
344 3116 439 3189 eunti,
468 3116 562 3175 multo
588 3132 706 3174 moveas
734 3116 858 3174 necdum
888 3117 1042 3188 antiquom
1068 3117 1205 3173 saturato

183 3204 328 3263 dolorem:
349 3203 406 3262 Im's
429 3208 538 3263 natura
562 3223 617 3264 sua
634 3204 721 3263 velox
740 3207 793 3279 est,
816 3204 894 3279 huic,
919 3223 978 3279 quo
996 3204 1205 3279 properantior

259 3395 273 3443 1
293 3406 357 3444 euos
374 3389 397 3443 L
411 3398 507 3460 potres
524 3391 557 3445 R.
659 3397 692 3445 12
711 3392 769 3460 ipsc
788 3391 817 3444 L.
920 3397 952 3445 15
972 3399 1052 3459 atque
1070 3408 1164 3446 eorum
1181 3390 1204 3444 L

180 3478 329 3530 eorumque
347 3460 372 3513 R
390 3462 497 3517 r=L.
589 3468 622 3517 19
641 3464 788 3517 certamine
807 3462 836 3517 L.
872 3464 876 3531 Ι
909 3464 974 3517 binc
991 3463 1043 3515 th
1065 3464 1109 3517 bic
1133 3462 1175 3517 ed.
1198 3463 1201 3534 J

182 3548 293 3588 versum
315 3536 366 3586 603
391 3533 427 3586 ab
450 3534 683 3588 antecedentibus
708 3533 832 3587 disiuuxi
855 3534 1008 3588 secundum
1036 3534 1204 3603 interpreta-

180 3605 300 3660 tionem.
360 3610 394 3657 22
413 3606 507 3671 effecta
525 3605 547 3657 L
564 3605 642 3672 foeta
660 3605 686 3658 a
704 3606 803 3671 effaota
821 3624 844 3659 r.
902 3611 937 3658 24
956 3606 1030 3659 ludis
1048 3612 1072 3660 et
1090 3607 1156 3660 irim
1173 3606 1203 3659 L.

239 3680 274 3728 30
293 3692 401 3730 morem
419 3676 472 3728 LR
493 3692 606 3731 moruus
624 3676 666 3730 ed.
694 3680 697 3746 1
727 3682 855 3731 saturata
873 3677 895 3729 L
913 3684 1061 3732 auctorato
1079 3676 1105 3730 R
1124 3678 1167 3731 ed.

180 3753 217 3803 31
238 3746 304 3801 baie
321 3747 347 3800 R
364 3748 429 3802 binc
447 3746 469 3799 L
488 3747 532 3802 ed.
558 3749 562 3816 Ι
588 3750 763 3817 properatior
781 3747 834 3801 LR
852 3748 895 3803 ed.
