2734 4159
461 374 467 383 .
503 286 506 291 ’
567 333 751 389 nouenos
769 334 808 387 111
1135 332 1202 397 ees

183 505 323 581 arvisque
337 506 424 563 novis
438 506 563 579 operata
578 502 725 562 iuventus.
758 503 929 562 defecerant
943 522 1059 579 quoque
1074 502 1202 578 arbores,

183 594 293 654 herbae
314 596 344 652 et
362 592 524 669 quodquod
546 594 714 667 protulerat
736 595 825 651 terra.
863 592 992 651 adhaec
1011 593 1091 651 mela
1110 594 1202 651 etiam

183 683 260 741 illud
284 684 461 756 accesserat,
485 684 519 740 ut
541 681 684 759 languore
708 681 773 757 ipso
797 682 927 757 correpti
949 700 1010 740 non
1033 681 1200 741 evaderent.

183 775 214 831 et
246 773 348 830 letifer
379 789 487 830 annus:
524 773 578 828 aut
608 790 663 847 per
694 773 791 830 totum
824 790 936 829 annum
967 770 1102 829 homines
1132 773 1202 829 sunt

156 863 296 925 emortui
328 863 382 919 aut
413 878 509 918 annus
540 859 619 918 diem
645 860 768 919 letalem
799 860 887 919 rebus
919 859 1055 919 omnibus
1088 860 1201 918 attulit.

185 953 340 1009 enumerat
362 949 424 1009 iam
447 949 598 1007 evidenter
621 952 695 1025 quot
717 950 798 1007 mala
817 969 852 1008 ex
870 948 924 1007 illo
941 948 1104 1024 principali
1121 949 1201 1007 malo

185 1044 289 1098 exorta
308 1040 376 1098 sint.
413 1039 583 1110 linquebant
600 1039 695 1098 dulcis
713 1041 832 1097 animas
854 1042 907 1097 aut
929 1056 1019 1112 aepro
1042 1039 1255 1096 trahebamus

185 1146 324 1202 corpora:
347 1130 400 1186 aut
417 1126 622 1186 moriebantur
639 1128 782 1201 homines,
802 1130 854 1201 ait,
873 1130 927 1186 aut
945 1126 1117 1203 corporibus
1133 1127 1202 1185 tabe

185 1218 340 1277 dissolutis
354 1216 515 1275 trahebant
527 1216 728 1275 miserabilem
743 1217 846 1276 vitam.
879 1221 941 1275 teon
958 1218 1066 1275 sterilis
1084 1232 1204 1275 exurere

145 1332 171 1371 io
184 1307 284 1366 Sirius
306 1323 407 1379 apros:
431 1304 526 1364 Sirius
545 1324 612 1363 cum
631 1308 773 1380 exoritur,
792 1306 892 1365 omnia
912 1325 987 1381 quae
1006 1308 1087 1364 terra
1105 1306 1204 1383 gignit

185 1397 285 1455 exurit
307 1398 337 1454 et
360 1395 435 1453 facit
458 1413 524 1453 eam
547 1394 692 1469 sterilem,
715 1398 750 1454 ut
771 1397 835 1471 ipse
859 1398 917 1470 est,
945 1394 1103 1453 adimendo
1127 1413 1203 1470 quae

184 1488 296 1561 portat.
340 1487 460 1543 tantum
488 1483 615 1559 denique
642 1485 674 1542 in
702 1485 803 1543 omnia
828 1486 981 1543 invaserat
1011 1485 1138 1557 malum,
1170 1486 1204 1541 ut

184 1574 338 1634 nonnullis
368 1573 494 1649 perditis
526 1592 580 1632 neo
611 1574 673 1633 illis
706 1593 773 1649 spes
805 1574 910 1633 salutis
940 1572 1112 1632 retinendae
1140 1591 1203 1631 esse

185 1666 288 1739 posset
315 1664 367 1738 qui
395 1682 425 1722 se
453 1680 594 1721 evasuros
622 1664 709 1722 forsit
696 1666 749 1722 tan
779 1663 980 1723 credidissent.
1026 1680 1132 1722 rursus
1164 1664 1204 1721 ad

143 1779 169 1818 15
185 1754 318 1811 mactum
347 1751 482 1826 Ortypioe
506 1728 710 1826 Phoebumque
736 1770 866 1811 remenso
891 1753 1026 1811 hortatio
1046 1756 1135 1824 poter
1160 1753 1219 1825 irc2

185 1844 265 1901 mart
278 1843 449 1914 centumque
457 1842 592 1913 procuri:
613 1844 709 1917 peter‚
727 1842 836 1918 inquit,
854 1860 947 1916 meus,
967 1841 1038 1917 quia
1057 1843 1087 1900 et
1106 1843 1204 1900 aetate

186 1935 217 1990 et
245 1932 394 2005 sapientia
422 1934 512 2005 atque
541 1932 753 1990 exercitatione
777 1934 889 1990 ceteros
915 1929 1062 2004 anteibat,
1089 1932 1204 2006 primus

187 2022 281 2079 sensit
304 2018 420 2093 aliquid
442 2020 556 2078 factum
579 2025 684 2079 contra
706 2022 893 2097 praescripta
915 2021 1059 2096 responsi,
1079 2019 1204 2095 proinde

187 2109 307 2168 dicebat
330 2108 368 2166 ad
389 2108 562 2184 Apollinem
584 2110 714 2184 repetita
736 2109 929 2186 navigatione
951 2107 1148 2182 redeundum,
1171 2111 1205 2166 ut

141 2224 170 2263 20
187 2197 281 2257 errati
299 2198 387 2256 venia
404 2201 563 2273 peteretur.
594 2216 682 2270 quam
700 2199 786 2271 fessis
803 2201 892 2270 [inem
909 2200 996 2257 rebus
1013 2198 1099 2270 ferat,
1118 2198 1196 2256 unde
1207 2202 1258 2251 145

186 2289 323 2347 laborum
354 2290 493 2360 temptare
525 2288 673 2345 mundium
704 2288 813 2355 iubeat,
851 2304 907 2361 quo
943 2291 1051 2345 vertere
1088 2303 1205 2345 cursus:

186 2375 318 2435 ediceret
345 2375 480 2434 laborum
507 2375 595 2435 finem
623 2376 819 2451 finiendisque
846 2378 920 2453 ipsis
947 2374 1099 2435 laboribus
1127 2374 1205 2433 unde

185 2466 345 2542 provenire
377 2465 522 2522 auxilium
553 2468 655 2541 posset
686 2466 734 2525 vel
765 2468 798 2523 in
830 2485 917 2540 quem
955 2466 1053 2524 locum
1090 2464 1206 2523 iuberet

187 2572 291 2613 cursus
315 2554 518 2630 navigationis
541 2554 662 2613 inflecti.
708 2554 811 2613 iubeat
833 2555 865 2612 in
888 2554 985 2614 medio
1008 2556 1142 2631 positum
1161 2556 1206 2613 est

141 2669 171 2709 25
188 2647 220 2704 et
243 2646 327 2702 tenet
349 2644 449 2701 omnia
473 2644 668 2718 omnibusque
692 2643 867 2703 desideratis
891 2647 1021 2719 aptatur.

256 2732 325 2790 Nox
356 2737 420 2791 crat
451 2736 477 2791 ct
507 2734 593 2792 terris
624 2733 769 2791 animalia
801 2750 920 2792 somnus
951 2734 1088 2792 babebat:
1129 2752 1205 2809 quae

188 2824 307 2880 dixerat
328 2821 472 2881 Anchises
496 2821 636 2881 faciunda
658 2841 716 2880 nox
740 2823 941 2881 interveniens
959 2822 1085 2881 distulit.
1123 2822 1205 2881 deni·

188 2930 248 2987 que
280 2929 366 2969 omne
399 2910 574 2968 animalium
606 2930 698 2988 genus
730 2931 784 2987 pro
815 2911 990 2971 necessitate
1018 2914 1144 2970 naturae
1172 2930 1206 2970 ac

187 2999 333 3074 temporie
356 2999 530 3058 dormiebat.
576 3002 688 3075 effipics
710 3018 812 3060 sacrae
834 3002 935 3059 divum
957 3001 1135 3074 Ptrppe'iquc
1154 3017 1206 3072 pe·

187 3140 262 3147 -.—.

263 3230 278 3275 2
298 3230 323 3276 et
341 3223 487 3292 quodquod
500 3223 552 3275 111
568 3222 603 3276 cf.
619 3229 644 3287 9,
654 3228 688 3276 89
703 3228 729 3277 et
742 3224 877 3293 quidquid
891 3242 905 3276 r
919 3223 977 3290 ed.;
995 3223 1116 3277 fortasse
1130 3230 1205 3291 quot·

188 3301 255 3364 quot
269 3294 363 3347 deleto
377 3301 419 3349 et?
473 3300 489 3345 ὁ
506 3311 599 3349 conus
612 3295 683 3347 dmm
698 3296 780 3348 letum
794 3295 845 3347 111
859 3295 902 3348 ed.
918 3313 944 3348 c.
960 3296 986 3347 d.
1002 3296 1049 3348 leti
1061 3296 1087 3347 R
1100 3294 1162 3363 ipse
1176 3294 1206 3346 in

188 3382 290 3419 rasura
303 3366 388 3420 aeonis
401 3367 459 3419 dies
473 3367 555 3420 letum
568 3364 591 3418 r'
606 3367 637 3418 ut
651 3364 763 3419 videtur
777 3366 848 3420 diem
862 3368 967 3421 loulcm
980 3383 1040 3420 noe.
1100 3371 1115 3417 6
1135 3366 1207 3434 quod

188 3438 243 3491 111
261 3443 445 3505 quotrquac
463 3437 506 3490 ed.
590 3442 621 3489 11
642 3443 674 3490 ut
692 3438 749 3505 ipse
768 3444 807 3492 est
824 3438 876 3490 111
894 3437 937 3491 ed.
957 3445 1056 3492 cuncta
1073 3438 1157 3491 amul
1174 3435 1205 3489 τ’

246 3514 278 3561 12
295 3510 428 3576 pompat
445 3510 488 3562 ed.
570 3514 602 3560 13
620 3509 765 3562 retinendo
784 3510 835 3561 LR
854 3510 918 3563 dac
936 3509 979 3561 ed.
1059 3514 1091 3561 15
1111 3524 1206 3562 oraco-

189 3583 247 3635 lum
266 3580 326 3632 111
428 3585 461 3633 16
481 3582 548 3648 quia
566 3579 619 3631 111
637 3581 679 3633 ed.
700 3582 787 3650 quir
823 3581 826 3651 1
860 3588 885 3635 et
908 3587 994 3635 aetate
1018 3597 1071 3634 om
1091 3580 1134 3633 ed.

190 3658 226 3706 20
245 3668 329 3720 quam
346 3650 398 3705 LR
416 3670 493 3720 quem
512 3654 556 3706 ed
576 3653 580 3720 Ι
601 3652 675 3717 ferat
691 3652 743 3705 111
762 3653 905 3722 offeruit
976 3658 1016 3705 ‘hi
1031 3648 1229 3705 mmmmm

189 3724 320 3791 temptari
334 3738 356 3773 r
426 3730 461 3776 27
475 3725 616 3790 facienda
636 3724 658 3779 L
677 3726 801 3795 fociodc
816 3727 848 3783 11
865 3726 1007 3797 faciendo
1024 3723 1075 3778 cb
