2734 4159
569 316 754 386 AENEIDOS
771 318 811 374 IV
867 367 870 372 ,
1136 317 1203 383 396

185 490 360 549 excluserat.
406 488 558 548 ferebatur
589 506 660 566 ergo
692 506 747 564 per
776 489 874 547 totam
905 488 1009 546 urbem
1041 488 1085 564 et,
1117 487 1205 562 quasi

185 597 271 638 saera
294 577 396 637 Liberi
422 579 518 654 patris
542 579 716 656 agerentur,
742 595 797 653 per
818 578 980 636 amentiam
1002 574 1205 635 bacchabatur

185 669 218 726 in
251 687 319 726 curn
350 666 474 727 modum
506 685 565 743 quo
598 665 668 725 ferri
701 665 778 726 solet
810 667 956 725 commotis
989 666 1081 724 excita
1109 667 1205 724 sacris

186 758 291 831 tleyiaa
309 755 360 815 abi
383 757 484 816 amre
506 755 660 815 cumulem
681 756 825 814 trieterica
843 755 960 814 Baccho
983 756 1067 827 oryia
1088 757 1205 813 aanor·

160 863 299 919 scasque
320 850 403 904 vocat
425 844 550 905 clarem
575 845 739 905 Cithaeron.
784 845 903 903 accen
924 844 970 903 bis
992 841 1116 902 Aenean
1138 859 1204 901 eon·

180 936 276 1008 pellat
292 935 410 994 vocibus
428 934 520 993 ultro:
537 933 693 1009 praeventi
712 935 784 992 sunt
797 932 916 992 Aeneae
933 934 1094 1007 tractmm3
1113 950 1204 1007 supra

186 1025 265 1083 enim
289 1022 364 1082 dixit
388 1042 468 1098 „sese
491 1023 618 1097 interea,
642 1021 762 1098 quando
789 1021 905 1098 optima
928 1020 1008 1080 Dido
1034 1020 1148 1081 nesciat
1172 1022 1205 1079 et

185 1115 288 1171 tantos
316 1114 417 1187 rumpi
443 1131 502 1171 nen
531 1115 630 1189 speret
653 1130 784 1184 amores,
810 1112 1027 1186 temptaturum
1052 1109 1150 1169 aditus
1175 1113 1205 1167 et

186 1220 263 1277 qnae
291 1201 467 1261 mollissima
494 1200 578 1260 fandi
605 1198 767 1276 tempora“.
813 1218 879 1259 ecce
908 1198 986 1257 Dido
1013 1200 1086 1258 licet
1112 1199 1204 1275 paulo

150 1311 172 1350 ιο
185 1291 316 1365 tardiuS,
349 1292 420 1366 qnia
451 1289 620 1366 inpedierat
649 1290 746 1363 furor,
778 1290 858 1347 ultro
886 1289 985 1365 ipsum
1015 1287 1204 1366 adgreditur3

185 1397 283 1455 neque
311 1379 391 1437 enim
418 1379 502 1438 aliud
529 1382 684 1455 expectare
712 1378 815 1437 debuit
838 1396 929 1454 qnam
951 1380 999 1437 tot
1022 1378 1115 1436 animi
1137 1395 1203 1452 pos·

186 1470 325 1528 sederant
347 1469 429 1527 mala
452 1472 483 1527 et
505 1487 581 1545 qnae
603 1468 668 1527 fieri
691 1471 816 1527 noverat
835 1466 915 1543 quod
933 1469 1115 1543 paraverant
1133 1465 1203 1525 doli.

184 1556 308 1617 tandem
326 1559 457 1633 pertinet
477 1558 515 1617 ad
533 1559 672 1633 furorem,
691 1558 746 1633 qui
763 1556 889 1615 Didonis
910 1574 1014 1616 vocem
1037 1554 1204 1628 distulerat,

185 1648 266 1706 ultro
294 1646 333 1706 ad
360 1645 570 1723 inpatientiam
595 1646 716 1721 doloris,
739 1658 845 1704 vocum
868 1663 938 1705 vero
962 1644 1204 1704 commemoratio

150 1757 172 1797 rs
186 1736 433 1796 exclamationem
460 1736 594 1794 sutrinam
620 1735 771 1814 significat
797 1752 1023 1811 progressuram
1049 1734 1082 1792 in
1104 1734 1204 1811 ingra-

185 1830 265 1899 tum3
288 1825 440 1884 nesciebat
462 1826 542 1883 enim
565 1824 638 1883 facti
661 1842 766 1883 causas
789 1822 969 1882 Mercurium
992 1823 1150 1898 peperisse.

253 1914 453 1973 Dissimulare
476 1916 564 1973 amm
585 1916 719 1987 sperasti,
733 1913 858 1986 perfide,
877 1916 991 1971 tautam
1004 1928 1092 1985 posse
1109 1912 1257 1985 nefastos

186 2006 346 2074 tacitusque
368 2020 434 2061 mea
457 2001 590 2062 decedere
607 2003 708 2061 terra?
743 2000 984 2075 aenatoribus,
1003 2000 1054 2059 sed
1073 1999 1111 2059 ab
1129 2000 1203 2075 ipsis

187 2092 325 2152 scelerati
357 2091 498 2151 facinoris
531 2092 630 2166 coepit
658 2092 827 2168 augmentis
855 2090 986 2149 dilatans
1015 2108 1132 2147 omnem
1158 2088 1204 2148 in-

150 2200 174 2240 ae
187 2182 300 2241 vidium
328 2184 392 2240 arte
419 2180 557 2252 mirifica3
594 2199 665 2238 nam
692 2182 822 2256 primum
850 2179 962 2239 crimen
989 2178 1048 2236 tait
1071 2179 1204 2254 potuisse

186 2273 256 2346 post
279 2272 328 2347 tot
349 2273 379 2329 et
401 2272 489 2328 tanta
511 2270 619 2328 merita
642 2269 860 2329 benivolentiae
884 2268 1011 2345 eogitari
1038 2266 1203 2342 perfidiam,

187 2359 292 2419 deinde
316 2359 371 2417 hoc
389 2360 488 2433 ipsum
506 2378 562 2434 pro
580 2358 641 2417 levi
660 2358 776 2417 ducere.
810 2376 871 2417 non
894 2358 974 2415 enim
998 2355 1205 2415 dissimulatur

186 2451 246 2507 nisi
278 2448 360 2524 quod
391 2452 491 2524 potest
522 2448 614 2507 etiam
645 2446 760 2522 sperni:
797 2448 868 2506 sunt
896 2464 966 2522 ergo
994 2446 1117 2504 interim
1145 2443 1203 2503 duo

187 2538 326 2611 cumina,
362 2538 493 2596 inveniri
524 2537 619 2596 scelus
651 2539 682 2594 et
714 2535 897 2595 dissimulari
928 2534 1069 2610 potuisse.
1120 2533 1204 2593 addit

151 2642 174 2685 as
187 2626 270 2685 alind
298 2628 466 2701 tacitusque
492 2645 560 2684 mea
588 2625 726 2684 decedere
753 2627 847 2698 terra,
870 2624 1067 2697 mesalum,
1095 2624 1203 2699 inquit,

187 2715 229 2775 sic
253 2714 411 2788 discedere,
434 2718 469 2774 ut
492 2714 622 2793 gratiam
645 2713 695 2774 vel
717 2713 814 2773 verbis
837 2713 963 2772 referres
986 2712 1102 2772 meritis
1120 2714 1203 2772 meis.

186 2824 257 2866 nam
276 2804 350 2879 quid
368 2808 433 2863 erat
451 2804 534 2864 abire
552 2803 679 2863 tacitum
698 2805 758 2861 nisi
777 2801 988 2861 beneficiorum
1010 2803 1204 2860 inmemorem

187 2890 342 2953 confiteri?
391 2895 427 2951 ut
458 2894 536 2951 enim
569 2895 614 2953 est
646 2892 754 2951 durum
786 2910 967 2967 quemquam
998 2909 1059 2949 non
1090 2892 1204 2972 moveri

186 2981 377 3041 miseratione
405 2982 621 3056 laborantium,
648 2984 694 3041 ita
721 2982 900 3041 sceleratum
923 2982 970 3038 est
991 2981 1205 3055 praestitorum

150 3072 382 3130 soinmemorem
417 3070 490 3129 fieri.
543 3073 657 3130 semina
693 3072 789 3149 igitur
825 3069 973 3146 quaedam
1008 3069 1205 3143 plurimorum

187 3161 346 3218 criminum
377 3162 456 3218 inter
487 3162 576 3219 initia
608 3161 700 3235 spatii
731 3163 762 3219 et
794 3158 966 3219 summatim
999 3160 1140 3234 congesta
1171 3158 1207 3214 in

186 3269 280 3307 unum
304 3251 479 3326 congregat,
506 3251 644 3324 sequenti
670 3252 772 3307 tamen
800 3249 831 3305 in
858 3249 944 3323 parte
971 3246 1089 3324 singula
1111 3246 1203 3304 latius

186 3340 300 3397 tractat
323 3337 430 3398 docens
454 3337 527 3413 quid
550 3339 589 3396 sit
611 3338 731 3397 sceleris
754 3356 814 3397 non
836 3335 1013 3412 respondere
1032 3335 1203 3395 benefactis.

259 3568 275 3615 2
294 3562 368 3616 sacri
386 3561 446 3615 LR.
537 3566 553 3614 3
572 3567 673 3616 motum
691 3577 744 3629 qao
762 3560 832 3626 ferri
848 3562 915 3614 solet
933 3558 983 3612 LR
1007 3558 1117 3613 niodum
1136 3575 1205 3626 qua-

187 3633 221 3688 b's
239 3632 284 3687 ed.
377 3638 411 3686 14
429 3633 502 3687 altro
521 3632 559 3687 ad
577 3631 629 3685 th
651 3633 726 3686 altre
746 3631 779 3685 ob
802 3631 870 3686 eds.
960 3636 1001 3684 ‘tt
1016 3630 1144 3683 inueniri
1153 3628 1223 3677 'm

187 3720 241 3760 esse
259 3706 399 3758 incentum
417 3704 458 3756 cd.
535 3708 568 3772 27
587 3705 645 3759 nisi
663 3703 717 3759 hit
735 3704 795 3760 uisi
814 3710 858 3761 set
