2734 4159
431 414 434 421 ,
545 353 729 419 AENEIDOS
748 353 773 408 V
1105 354 1170 420 517

153 523 327 580 inimicitias
354 521 464 581 habere
487 541 554 581 cum
581 523 694 597 funere,
723 525 865 598 inponere
895 523 972 583 odiis
1001 524 1171 598 terminum,

153 630 222 671 cum
246 610 330 669 deest
356 610 408 669 ille
436 610 487 686 qui
516 611 624 670 audere
652 611 768 687 aliquid
793 614 896 688 possit.
941 612 1084 687 reliquias
1106 632 1171 671 rur-

153 720 217 759 sum
246 718 401 774 possumus
429 700 521 759 etiam
551 700 592 759 sic
619 701 807 778 intellegere,
840 701 920 777 quod
946 700 1001 760 flos
1025 700 1171 760 Troianae

153 789 317 847 iuventutis
342 791 418 848 esset
440 790 600 865 perductus
620 790 659 850 ad
676 808 796 866 paucos
821 791 937 865 quibus,
961 789 986 849 si
1007 791 1039 847 in
1057 789 1171 849 Iunone

125 881 231 937 resset
252 878 434 953 humanitas,
458 878 561 938 debuit
582 879 689 956 largiri
711 880 873 939 miseratio.
915 879 981 954 quis
1005 880 1085 937 enim
1107 881 1171 937 tam

152 969 274 1041 terreus,
292 970 356 1025 tam
380 967 471 1025 durus
493 968 588 1028 hostis
611 970 750 1027 inventus
774 971 820 1027 est
841 987 985 1043 umquam
1009 969 1092 1027 cuius
1111 967 1171 1026 vic-

151 1059 247 1115 toriae
270 1056 347 1114 nihil
370 1073 523 1132 superesse
546 1055 701 1135 potuerit?
724 1060 793 1132 post
816 1057 923 1117 acerba
946 1057 1015 1117 odia
1037 1058 1172 1133 partium

153 1145 241 1204 datur
264 1164 490 1221 nonnumquam
513 1149 600 1206 venia
627 1147 751 1222 reliquis
780 1149 810 1204 et
832 1166 927 1221 usque
952 1147 990 1205 ad
1013 1145 1172 1205 victoriam

153 1234 313 1293 crudelitas
337 1235 426 1294 valet.
468 1239 533 1294 tam
558 1254 648 1297 saeva
671 1236 773 1295 extitit
790 1236 875 1309 Iuno,
898 1237 933 1293 ut
951 1237 1020 1311 post
1039 1237 1171 1294 excisum

112 1341 138 1380 rc
152 1323 243 1381 Ilium
266 1324 457 1399 perditosque
481 1325 598 1384 diversa
626 1325 716 1383 caede
740 1325 883 1383 Troianos
906 1326 1104 1401 persequatur
1126 1344 1171 1382 re-

151 1412 249 1487 liquos
274 1415 304 1472 et
325 1413 550 1474 inventionibus
573 1416 659 1474 novis
683 1414 816 1492 adfligat.
863 1428 970 1473 cousus
998 1415 1072 1473 tuolc'
1098 1416 1173 1473 sciat

151 1502 205 1560 cuc
227 1504 355 1577 furoris:
378 1503 475 1578 huius,
498 1505 611 1578 inquit,
635 1503 698 1562 odii
720 1504 746 1563 si
770 1521 876 1562 causae
904 1503 1109 1578 requirantur,
1133 1501 1170 1562 ab

151 1593 218 1666 ipsa
243 1592 428 1666 quaerendae
452 1595 535 1669 sunt,
565 1612 619 1651 nos
647 1593 727 1650 enim
755 1595 863 1652 scimus
891 1592 967 1651 nihil
996 1594 1082 1651 iuxta
1105 1611 1171 1651 eam

153 1681 297 1740 Troianos
326 1680 481 1740 admisisse
512 1682 592 1757 quod
619 1682 721 1741 nollet.
768 1700 872 1741 causas
902 1684 982 1741 tanti
1011 1680 1088 1741 sciat
1115 1680 1171 1739 illa

111 1786 137 1827 rc
152 1771 276 1829 furoris:
299 1771 411 1829 furoris
430 1772 477 1829 sui
495 1771 584 1846 dixit,
607 1790 667 1830 non
691 1770 815 1845 doloris,
838 1772 902 1829 sine
920 1770 1037 1830 ratione
1060 1772 1171 1846 quippe

152 1861 242 1917 irasci
266 1860 363 1917 furere
387 1861 441 1934 est,
464 1862 595 1919 ceterum
618 1860 704 1919 dolor
726 1860 790 1918 illic
809 1878 872 1919 esse
890 1862 991 1935 potest
1009 1860 1061 1919 ubi
1079 1858 1171 1918 fuerit

151 1950 232 2006 iusta
251 1949 419 2007 commotio.
465 1951 529 2023 ipse
546 1950 619 2010 mito
636 1968 732 2023 nuper
744 1948 865 2024 Istbycis
883 1952 916 2007 tu
934 1951 1013 2008 testis
1030 1950 1063 2008 icc
1080 1948 1171 2007 codis

152 2055 240 2109 quom
269 2037 373 2096 motem
402 2039 496 2097 subito
525 2040 654 2099 excierit:
682 2040 782 2098 marta
811 2040 912 2097 oruata
940 2038 1018 2099 cocto
1044 2039 1223 2097 mercado

151 2124 263 2186 Accitis
292 2129 484 2200 nequicquam
512 2129 590 2202 fretu
614 2127 766 2202 procellis:
797 2146 940 2204 magnum
970 2128 1086 2186 invenit
1118 2126 1169 2185 ad-

108 2235 137 2276 so
153 2216 330 2275 sationibus
356 2217 417 2275 suis
445 2217 644 2292 conpendium
667 2219 766 2292 ipsum
789 2215 922 2276 vocando
946 2217 1054 2275 testem
1081 2234 1170 2291 quem

152 2304 307 2363 audiendis
331 2304 471 2380 querellis
495 2306 643 2366 arbitrum
665 2306 805 2381 cupiebat
828 2294 992 2381 adquirere.
1028 2306 1115 2364 testis
1130 2323 1170 2380 ec,

150 2393 265 2468 inquit,
289 2395 345 2453 etsi
368 2395 456 2453 unius
475 2395 562 2470 facti,
591 2415 625 2454 ex
649 2414 683 2454 eo
707 2398 809 2454 tamen
833 2396 931 2453 cetera
949 2395 1062 2469 poteris
1081 2392 1170 2452 aesti-

151 2499 242 2557 mare,
266 2482 346 2557 quod
370 2502 430 2542 non
453 2486 514 2543 sint
532 2485 623 2559 falsa,
646 2483 698 2543 sed
716 2503 800 2543 vera:
829 2485 872 2543 sic
894 2482 981 2541 illum
1004 2502 1169 2542 commone·

152 2569 226 2627 facit
254 2573 284 2629 et
313 2571 345 2629 in
374 2574 547 2632 memoriam
577 2576 713 2647 revocat,
744 2575 779 2631 ut
808 2574 926 2648 tempus
957 2574 987 2631 et
1013 2572 1113 2631 locum
1140 2574 1170 2630 et

109 2680 136 2724 25
152 2659 264 2717 factum
292 2661 425 2736 replicet.
480 2682 589 2739 nuper,
618 2662 731 2737 inquit,
761 2663 842 2721 nosti
868 2663 901 2719 in
929 2659 1050 2737 Libycis
1081 2660 1170 2719 undis

153 2767 226 2822 quas
259 2750 351 2807 moles
385 2753 507 2825 excivit,
542 2771 610 2810 cum
641 2751 800 2826 adsumpta
832 2752 983 2826 potestate
1012 2752 1170 2809 ventorum

152 2840 253 2897 omnia
276 2840 307 2896 in
331 2839 531 2899 Troianorum
552 2839 715 2917 perniciem
734 2840 882 2899 elementa
905 2838 1048 2897 contudit.
1090 2837 1170 2913 quod

151 2926 264 2985 factum
288 2930 333 2987 est
355 2929 475 3005 frustra,
500 2930 571 2988 dum
595 2948 680 2988 omne
703 2928 779 2987 illud
798 2932 828 2987 te
846 2929 970 2987 iuvante
988 2929 1170 2993 summotum

152 3018 203 3073 est.
239 3016 319 3091 quod
342 3017 387 3076 ait
405 3038 495 3093 quam
518 3018 627 3077 molem
650 3017 750 3076 subito
774 3019 909 3091 excierit,
932 3015 1093 3076 artificium
1116 3034 1169 3074 no·

109 3125 137 3165 ao
151 3105 235 3163 cendi
250 3106 348 3164 voluit
366 3106 582 3182 demonstrare,
601 3099 745 3182 quicquid
764 3108 844 3166 enim
863 3105 997 3165 subitum
1017 3108 1064 3164 est
1081 3106 1170 3163 facile

153 3195 297 3269 opprimit
311 3196 493 3270 inparatum,
512 3198 665 3272 speratum
679 3198 780 3254 autem
800 3199 830 3254 et
848 3195 1019 3272 praevisum
1037 3193 1170 3254 cavendo

224 3389 237 3434 1
257 3383 354 3449 fucere
372 3382 425 3436 LR
443 3385 464 3449 f.
484 3390 509 3437 et
527 3383 570 3437 ed.
644 3389 660 3435 2
680 3382 778 3437 audire
796 3383 849 3436 LR
868 3398 937 3437 corr.
951 3380 995 3435 ed.
1070 3387 1084 3434 ‘1
1101 3398 1170 3449 pur·

150 3458 208 3506 tum
227 3453 280 3506 Lu
296 3454 344 3508 edI
361 3456 458 3522 parcis
475 3472 490 3508 r
503 3461 617 3523 partam
636 3454 708 3509 chl
718 3459 805 3524 pactu
823 3454 867 3508 ed.
881 3455 954 3523 post.
965 3453 1092 3521 partium
1108 3468 1168 3507 nos.

206 3530 237 3576 11
258 3525 376 3579 cobislt
393 3528 473 3580 cocio
485 3524 548 3579 r'=
558 3525 588 3581 L.
646 3532 678 3580 13
698 3528 780 3581 iuxta
793 3524 845 3578 Lu
864 3526 895 3578 in
910 3524 953 3579 ed.
1010 3528 1043 3578 16
1062 3524 1172 3593 quaerit

149 3594 203 3647 LR
221 3612 327 3665 cunque
345 3597 397 3650 crit
414 3615 429 3650 r
451 3597 521 3652 tncst
539 3597 581 3651 cd.
605 3597 693 3663 fucrit
716 3595 762 3666 (cf.
782 3601 808 3663 8,
822 3598 885 3666 630)
908 3612 967 3649 nos.
1042 3600 1074 3648 21
1095 3595 1172 3649 aroi-

149 3667 235 3721 trtum
253 3666 305 3719 LR
323 3668 335 3719 α’
354 3666 437 3722 deLr
455 3668 497 3723 ed.
515 3668 520 3741 l
535 3685 563 3723 ee
581 3685 634 3723 om.
645 3668 671 3721 R
684 3668 749 3723 add.
759 3686 781 3723 r.
837 3673 872 3722 22
890 3668 981 3722 cercius
994 3666 1055 3719 aa
1069 3671 1184 3717 muo-

150 3744 208 3791 tcm
227 3737 270 3792 ed.
344 3744 377 3791 23
396 3740 606 3812 commmccfacit
622 3740 678 3797 ult
697 3757 872 3801 cosmatum
890 3740 917 3807 f.
933 3736 985 3793 ed.
