2734 4159
586 321 770 377 AENEIDOS
788 323 802 376 I
1139 322 1201 386 111

186 490 353 551 miserando
377 509 448 550 cusu
466 491 549 550 Iulus
573 490 713 567 deceptus
733 494 778 551 est
796 495 826 550 et
844 493 876 550 in
894 493 925 550 te
944 510 1011 567 spes
1030 492 1093 551 eius
1111 491 1202 550 inter·

186 584 272 655 cepta
300 583 358 653 est,
381 580 524 640 habemus
546 600 647 658 regem
669 581 812 656 alterum,
836 580 887 639 sed
909 582 1011 639 tamen
1034 600 1070 639 cx
1092 581 1202 640 nostris

186 674 216 729 et
237 670 391 744 proximae
415 668 536 729 Siciliae
558 673 662 729 terras.
702 671 810 729 talibus
828 670 979 730 Ilioneus:
1002 672 1097 728 cuuete'
1114 671 1203 729 amul

184 775 234 817 ore
251 761 415 833 fremebant
431 760 643 819 Dardanidae:
665 758 774 818 Ilionei
796 760 931 818 oratione
955 759 1094 818 concluse
1117 762 1255 818 cete-eso

160 868 286 914 urorum
311 850 363 924 qui
385 850 541 923 cumipse
563 849 684 907 fuerant
707 866 866 907 consensus
890 847 1026 908 accessit:
1054 847 1201 927 significa·

183 937 259 997 bant
291 940 401 1013 quippe
434 937 537 1001 eadem
568 956 599 997 so
625 956 760 1014 poscere,
789 956 865 1013 quae
893 938 1041 997 maximus
1068 938 1203 1013 ipsorum

183 1028 284 1085 fuerat
307 1029 486 1102 persecutus.

254 1116 329 1174 Tum
353 1117 475 1175 breuiter
496 1117 577 1175 Dido
600 1118 712 1174 uultum
735 1117 862 1175 demissa
880 1117 1035 1190 profatur:
1059 1113 1139 1190 quod
1158 1115 1202 1174 ait

183 1204 327 1279 breviter,
355 1205 411 1263 boo
438 1208 539 1280 potest
561 1205 697 1283 intellegi
719 1208 843 1281 propter
865 1223 1025 1280 personam
1046 1204 1201 1263 locuturas

144 1320 170 1359 10
183 1295 318 1353 mulieris
350 1297 381 1352 et
412 1312 576 1354 sermonem
612 1295 746 1353 facturae
779 1294 818 1353 ad
849 1294 929 1354 viros
962 1297 992 1353 et
1023 1294 1200 1370 incognitos.

183 1385 303 1443 vultum
331 1383 460 1442 demissa
486 1386 586 1459 potest
613 1386 656 1443 sio
683 1383 792 1459 accipi,
819 1387 853 1442 ut
876 1403 936 1443 non
960 1383 1057 1442 solum
1078 1384 1202 1459 propter

183 1475 344 1532 femineam
353 1474 562 1531 verecundiam
571 1472 693 1531 vultum
702 1473 843 1532 deiecerit
856 1492 960 1531 verum
974 1457 1067 1532 etiam
1079 1474 1202 1548 propter

184 1563 308 1621 obiecta.
341 1562 467 1637 denique
484 1563 558 1620 haec
576 1564 708 1639 primum
721 1566 832 1640 purgat
846 1581 922 1637 quae
936 1564 1030 1638 ipsius
1044 1580 1202 1636 personam

184 1671 364 1726 suorumque
382 1652 584 1711 foedaverant.
619 1652 742 1727 gravius
761 1653 864 1710 autem
882 1653 1000 1727 accepit
1022 1669 1097 1728 quae
1121 1650 1201 1709 dicta

145 1766 169 1805 ιι
185 1745 263 1814 sunt,
288 1741 441 1815 quianon
464 1744 550 1799 erant
572 1760 652 1816 vora,
675 1742 706 1798 et
729 1760 763 1799 eo
786 1742 884 1818 magis
907 1740 1035 1815 erubuit,
1054 1740 1125 1817 qnia
1147 1758 1201 1799 nec

183 1830 348 1888 inhumana
370 1831 438 1903 fuit,
457 1834 491 1888 ut
510 1830 641 1889 Ilioneus
665 1829 749 1904 dixit,
773 1849 826 1888 neo
849 1830 984 1889 barbara.
1021 1832 1118 1888 utitur
1137 1832 1201 1888 arte

183 1918 371 1995 plenissima,
404 1922 440 1977 ut
471 1921 557 1997 gesta
589 1939 648 1978 non
680 1919 830 1998 neganda,
868 1918 1009 1995 quoniam
1041 1918 1202 1976 manifesta

183 2009 314 2083 fuerant,
329 2007 380 2066 sed
399 2009 554 2086 purgando
569 2008 717 2067 defendat.
743 2010 843 2068 solvite
857 2009 941 2067 corde
954 2011 1069 2074 metum,
1087 2007 1200 2074 Teucri,

184 2097 319 2155 secludite
347 2115 448 2156 curas:
484 2099 587 2174 paucis
616 2098 777 2157 admodum
803 2099 835 2155 in
862 2097 1053 2171 responsione
1083 2113 1200 2154 securos

141 2210 170 2249 ao
184 2188 296 2261 offecit3
332 2188 404 2243 tunc
432 2186 511 2244 enim
538 2189 637 2245 cetera
663 2186 791 2245 libenter
818 2186 916 2245 audiri
939 2186 1101 2261 potueruut
1124 2202 1200 2258 quae

183 2276 239 2334 illa
263 2268 469 2350 adsumpserat
492 2275 657 2335 defensura.
703 2294 750 2334 res
773 2276 851 2334 dura
875 2279 901 2334 et
922 2276 1005 2348 repul
1022 2275 1137 2332 accitas
1155 2290 1201 2332 me

183 2366 258 2423 talia
282 2369 385 2437 copuut
407 2366 505 2424 ueolirt
528 2369 554 2423 et
576 2367 632 2423 late
654 2366 725 2438 fluis
744 2366 858 2423 custode
877 2366 966 2423 tueri:
987 2364 1110 2422 fuerunt
1129 2381 1199 2441 ergo

184 2455 255 2514 duo:
288 2454 394 2512 horum
418 2474 510 2512 unum
533 2454 652 2529 aperuit
674 2454 754 2529 quod
777 2454 876 2511 fuerat
898 2454 930 2511 in
954 2453 1097 2527 evidenti,
1125 2453 1199 2511 ulte-

183 2564 251 2601 rum
275 2543 387 2601 doloris
410 2544 457 2601 sui
480 2562 570 2603 eausa
593 2544 767 2602 transmisit.
801 2542 833 2600 in
853 2541 985 2600 evidenti
1002 2542 1063 2600 fuit
1080 2544 1199 2602 novitas

142 2656 169 2695 25
183 2634 278 2711 regni,
298 2652 373 2706 quae
394 2633 577 2708 probabatur
600 2653 634 2691 ex
657 2633 696 2690 iis
719 2650 796 2707 quae
819 2630 998 2709 gerebantur
1020 2630 1052 2689 in
1075 2631 1199 2690 diversis

184 2721 337 2798 operibus:
369 2721 479 2780 idcirco
508 2724 551 2780 ait
578 2724 664 2799 regui
690 2723 808 2780 novitas
835 2724 864 2779 et
886 2737 933 2778 res
957 2719 1031 2778 dura
1053 2741 1101 2778 me
1123 2721 1199 2779 talia

183 2815 296 2889 cogunt
318 2811 418 2869 moliri
442 2814 472 2869 et
494 2811 555 2870 late
578 2810 645 2869 finis
665 2810 786 2871 custode
804 2811 897 2868 tueri:
921 2828 987 2867 ecoe
1006 2810 1107 2884 posuit
1126 2810 1199 2868 alte·

183 2922 251 2959 rum
270 2900 394 2958 dicendo
413 2919 459 2958 res
479 2900 561 2958 dura.
592 2900 643 2958 sed
661 2900 711 2957 hic
729 2899 803 2958 satis
822 2902 924 2957 errant
943 2900 1075 2973 quirem
1094 2899 1200 2957 duram

183 2990 315 3048 novitati
336 2992 421 3065 regni
445 2990 641 3065 coniungunt,
664 2991 752 3065 quusi
773 2988 926 3066 Vergilius
949 3007 1042 3046 unam
1063 3008 1127 3046 rem
1149 3007 1199 3064 ge-

142 3079 301 3141 seminans
324 3078 381 3136 hoo
403 3078 483 3136 idem
506 3078 623 3152 dixerit,
642 3078 725 3137 velut
748 3078 929 3137 laboriosam
952 3095 1015 3137 esse
1033 3079 1199 3136 novitatem

183 3167 277 3243 regni.
324 3166 375 3226 sed
407 3186 466 3226 nou
497 3169 543 3226 ita
575 3170 632 3243 est3
668 3186 740 3226 nam
771 3167 889 3226 novitas
920 3168 1006 3245 regni
1038 3167 1199 3225 sollicitam

256 3357 414 3423 3proae'uee
433 3355 476 3409 ed.
569 3360 601 3407 12
619 3354 726 3408 cultum
744 3371 797 3407 om.
818 3354 861 3407 sd.
953 3359 985 3407 18
1004 3355 1082 3407 corde
1100 3359 1199 3406 ereetum

183 3427 236 3480 LR
256 3445 277 3481 c.
297 3433 369 3480 metu
387 3445 401 3479 r
418 3426 507 3479 voluit
526 3441 592 3496 ergo
611 3426 695 3479 corda
713 3432 802 3480 metu?
836 3428 840 3495 Ι
878 3426 975 3480 Teucri
993 3432 1018 3479 et
1036 3423 1087 3477 LR
1106 3424 1155 3477 scd
1175 3430 1200 3478 et

184 3498 321 3569 expunxit
339 3497 360 3550 L
379 3497 448 3567 ipse.
522 3501 555 3549 21
574 3502 728 3565 sumpserat
746 3496 789 3550 ed.
854 3503 887 3550 22
906 3497 1108 3562 fueraut-27
1128 3497 1200 3549 tueri

184 3589 238 3625 om.
258 3570 315 3623 ed:
348 3568 510 3625 intellectus
534 3568 645 3637 pondus
668 3567 699 3621 in
721 3567 862 3637 particula
886 3575 911 3622 et
933 3570 1019 3635 atquo
1041 3568 1072 3620 in
1094 3566 1199 3637 plurali

184 3648 284 3713 copaut
303 3641 389 3694 situm
408 3644 458 3695 est.
532 3646 565 3694 28
585 3640 701 3694 diceudo
718 3655 760 3693 res
778 3640 852 3694 utura
870 3656 925 3693 om.
939 3639 986 3693 ed„
1058 3644 1100 3692 bx
1117 3639 1213 3691 sed-

183 3716 263 3783 repru'
281 3730 332 3765 om,
352 3713 392 3765 erl.
