2734 4159
537 304 720 362 AENEIDOS
739 306 751 361 1
956 313 961 324 “
1110 306 1154 372 35

133 475 257 535 Aeneae
279 477 309 533 et
332 478 401 534 ante
423 474 519 550 ipsius
542 474 653 550 oculos,
676 479 720 551 ut,
738 476 810 551 quia
834 475 964 535 illinon
987 474 1154 553 contigerat

133 553 259 623 interire
281 562 450 641 naufragio,
468 563 561 622 fidum
584 564 642 623 sibi
664 565 777 640 perisse
800 566 987 641 conspiceret
1010 568 1100 641 atque
1119 583 1155 622 ex

133 673 168 713 eo
203 671 275 713 casu
307 652 409 713 dolore
442 651 624 713 adficeretur.
671 657 829 713 excusatur
862 651 1002 729 Orontes,
1034 673 1071 713 ne
1102 673 1156 730 per

132 742 310 819 inperitiam
333 760 440 802 navem
463 760 563 801 secum
589 741 754 819 perdidisse
781 746 952 819 putaretur;
988 763 1060 802 nam
1088 761 1156 801 cum

107 833 242 910 cingens
273 835 396 907 pontus,
427 831 483 892 boc
515 835 561 891 est
592 831 637 891 vis
665 823 763 892 maior
791 836 821 891 et
848 834 969 892 veniens
998 851 1017 891 a
1044 831 1155 891 veitice

132 939 244 981 navem
267 913 440 996 operuisset,
464 920 544 996 quod
567 941 585 979 a
608 920 696 981 dorso
719 921 819 980 fixerat
842 923 942 980 caveri
963 941 1023 981 non
1046 921 1154 998 potuit.

132 1013 196 1069 lom
223 1010 356 1069 ceddam
383 1009 495 1082 Ilionei
522 1028 639 1078 uocem,
675 1011 737 1068 iam
764 1012 849 1083 fortis
876 1008 1007 1070 Acbotoe
1034 1015 1061 1069 et
1087 1028 1147 1084 qua
1157 1016 1208 1065 120

133 1104 232 1159 coetus
254 1097 339 1158 Abos
366 1103 393 1157 ct
418 1117 478 1172 quo
503 1101 692 1173 grandaeuus
719 1097 816 1159 Aletes
844 1102 912 1160 uicit
940 1100 1064 1174 bieuepe:
1099 1099 1154 1158 has

134 1188 307 1266 specialiter
336 1206 403 1247 cum
430 1208 533 1248 eorum
561 1187 732 1248 nominibus
764 1190 865 1265 posuit
898 1190 950 1264 qui
977 1190 1009 1248 in
1036 1190 1074 1246 iis
1102 1208 1154 1265 po·

92 1301 119 1340 ro
132 1280 228 1338 tiores
251 1276 436 1355 navigabant
458 1280 488 1336 et
510 1296 570 1337 uno
596 1296 666 1336 casu
689 1276 868 1337 ferebantur.
911 1277 1034 1337 dicendo
1057 1293 1156 1336 oucues

133 1369 285 1440 cucubiunt
319 1368 471 1425 inimicum
506 1367 627 1425 lmuem
663 1368 806 1439 remisque
842 1368 984 1439 fatiscunt
1024 1366 1155 1426 ostendit

130 1476 229 1520 cunam
252 1455 384 1515 omnium
407 1473 529 1514 causam
553 1459 582 1514 et
605 1456 735 1515 similem
758 1455 850 1515 fuisse
873 1457 1033 1516 fortunam.

203 1544 247 1603 Ut
270 1548 371 1603 autem
393 1564 453 1604 non
476 1544 563 1619 plene
587 1543 736 1604 obtineret
758 1544 872 1603 factum
891 1546 1052 1604 secundum
1070 1564 1154 1603 man-

134 1635 242 1694 datum
268 1633 405 1711 Iunonis,
431 1633 573 1709 Neptsmo
601 1634 690 1692 datur
717 1636 848 1708 occasio,
879 1636 931 1709 qui
954 1653 1013 1694 non
1036 1637 1155 1693 tantum

93 1746 120 1786 ιι
133 1724 280 1783 miuriam
308 1741 393 1781 suam
420 1727 599 1798 removeret,
627 1742 731 1781 verum
755 1724 847 1782 etiam
871 1723 1008 1783 Troianis
1031 1743 1154 1799 pereun-

132 1811 216 1872 tibus
240 1811 417 1886 subveniret,
439 1810 540 1886 ibique
564 1812 742 1871 describitur
761 1812 914 1888 conplesse
932 1812 1061 1873 Aeolum
1078 1830 1155 1889 quae

132 1903 212 1961 Iuno
239 1900 450 1973 mandaverat,
478 1920 546 1959 cum
573 1901 646 1959 dicit
674 1902 825 1961 disiectam
851 1899 969 1961 Aeneae
997 1904 1053 1960 toto
1079 1902 1157 1959 uidet

133 2008 261 2064 aequore
290 1991 424 2057 classem,
453 1990 589 2061 {luctibus
612 2007 764 2064 oppressos
789 1990 883 2049 Trous
906 1991 1034 2063 coelique
1055 1991 1154 2048 ruuuo.

132 2097 187 2139 uec
214 2080 325 2138 latuere
352 2078 412 2137 doli
438 2080 562 2151 fratrem
588 2080 716 2139 Iunonis
743 2082 862 2138 eticae.
909 2080 1028 2137 Eurum
1051 2079 1208 2137 adscito

91 2190 118 2231 eo
132 2169 358 2243 Zephyrumque
383 2172 471 2235 cocat,
495 2168 597 2227 delcucc
619 2169 693 2227 teliu
711 2170 802 2241 satur.
842 2170 947 2226 statim
965 2166 1057 2227 sentit
1075 2166 1155 2225 unde

132 2259 210 2317 haec
241 2257 298 2316 hoc
326 2261 370 2315 est
398 2259 481 2316 cuius
509 2256 577 2317 dolo
606 2262 704 2317 essent
733 2258 880 2333 perfecta3
917 2258 1042 2315 fratrem
1075 2258 1156 2315 enirn

133 2339 247 2407 sororis
271 2347 433 2422 pessimum
456 2346 589 2404 studium
611 2366 671 2406 non
694 2346 816 2405 latebat.
854 2348 975 2405 vocavit
993 2349 1097 2405 ventos
1117 2344 1156 2404 ad

133 2455 199 2496 sese
214 2439 245 2494 et
258 2434 430 2495 huiusmodi
445 2435 552 2494 babuit
566 2433 815 2513 obiurgationem‚
831 2455 907 2511 quae
927 2437 985 2494 erit
1002 2434 1156 2512 pathetica

132 2528 241 2601 utpote
266 2526 407 2584 commoti
427 2528 457 2582 et
474 2524 554 2597 irati,
579 2524 694 2584 abscisa
717 2525 773 2584 hoc
795 2528 840 2584 est
863 2544 923 2584 non
942 2526 1084 2584 continua
1101 2542 1155 2582 nec

89 2635 118 2679 re
134 2612 307 2691 conposita,
334 2613 433 2672 brevis
461 2615 566 2687 etiam,
594 2612 796 2673 subvenientis
825 2614 905 2672 enim
931 2613 963 2671 in
986 2614 1043 2673 tali
1066 2632 1156 2672 causa

132 2702 313 2763 beneficium
335 2703 559 2778 multiloquium
582 2722 642 2762 non
665 2702 836 2778 quaerebat.
884 2707 1004 2763 teutone
1032 2720 1082 2762 uos
1107 2720 1155 2776 ye-

132 2796 217 2853 uerc's
249 2794 339 2852 teuuc't
369 2794 481 2864 fiducie
511 2793 620 2850 uestri?
672 2792 780 2868 incipit
813 2791 850 2851 ab
882 2794 1051 2852 invectione
1084 2784 1155 2873 (hoc

134 2884 219 2943 enim
242 2900 335 2959 genus
357 2881 500 2940 materiae
524 2880 693 2940 nonhabet
711 2874 909 2962 principium)
928 2886 959 2940 et
977 2883 1089 2939 crimen
1107 2899 1155 2939 ex·

134 2974 264 3050 aggerat
287 2970 386 3029 dicens
410 2989 459 3030 eos
483 2989 543 3029 non
561 2970 657 3029 solum
676 2989 762 3029 suam
781 2970 833 3029 sed
851 2970 1063 3029 hereditariam
1082 2989 1154 3045 quo·

90 3079 120 3122 eo
135 3080 195 3138 que
220 3062 328 3118 sectari
349 3060 558 3132 temeritatem,
582 3058 662 3134 quod
684 3078 777 3137 genus
801 3059 877 3134 vitii,
904 3057 1046 3135 quoniam
1068 3062 1154 3116 natu·

134 3150 201 3209 rale
220 3152 274 3222 est,
294 3169 353 3208 non
376 3153 475 3224 potest
498 3148 657 3208 emendari.
696 3148 801 3208 volunt
824 3150 905 3206 enim
927 3151 1032 3207 ventos
1054 3151 1155 3223 patres

212 3340 314 3406 lquio
331 3336 383 3388 LR
402 3337 445 3389 ed.
465 3343 497 3390 ut
514 3338 582 3403 quia
599 3353 657 3389 noe.
737 3343 806 3391 teu
824 3353 878 3390 om.
898 3336 941 3390 ed.
1014 3337 1153 3403 timpru'-

136 3410 261 3464 deute'uuc
280 3408 323 3461 ed.
380 3407 551 3475 usercense
570 3423 674 3461 corrr.
731 3409 858 3463 8Aletee
876 3423 929 3460 om.
950 3407 1002 3460 LR
1020 3406 1083 3460 add.
1104 3405 1151 3476 nl

135 3483 188 3536 bue
206 3478 260 3532 Lu
277 3480 326 3534 boe
344 3479 386 3532 ed.
470 3481 541 3532 9iie
559 3478 611 3530 LR
629 3479 672 3532 bie
691 3479 734 3532 ed.
819 3484 852 3533 14
872 3480 968 3547 Neptu
985 3477 1011 3531 R
1029 3478 1157 3545 Neptuni

135 3551 222 3606 Led.
242 3552 374 3619 Neptuuo
391 3566 451 3603 nos.
526 3555 558 3603 15
576 3556 712 3604 revocaret
730 3550 773 3604 ed.
848 3556 882 3602 23
901 3556 960 3603 erat
983 3548 1025 3602 ed.
1044 3550 1117 3616 poet.

137 3630 172 3677 24
192 3622 314 3677 obscuro
332 3621 384 3674 LR
403 3637 471 3675 corr.
492 3622 534 3676 ed.
617 3626 651 3675 25
670 3637 756 3676 cauea
774 3620 829 3675 hit
847 3637 916 3676 cosa
935 3621 979 3676 ed.
1062 3623 1101 3670 tn
1121 3620 1169 3670 tu·

136 3696 262 3751 ceutiouc
282 3693 324 3747 ed,
397 3698 428 3745 31
450 3696 526 3748 eeutc'
539 3712 562 3747 r.

934 3783 974 3819 (χὶ
