2734 4159
204 339 271 405 604
485 339 626 395 DONATI
642 340 812 396 minues..
831 340 939 396 vultu.

200 512 315 584 porgite
346 515 429 569 costo
460 512 600 584 infectum
632 511 740 569 eicitur
771 510 864 569 scente
895 514 948 569 ont
979 513 1113 570 cnnritwr
1148 514 1226 586 igni:

204 598 281 657 dixit
300 617 465 676 poenorum
483 616 593 676 genere
611 598 719 675 quibus
739 600 856 658 animae
876 599 1066 659 mundantur.
1104 603 1226 675 unisone

203 705 272 747 snos
289 690 424 762 potimur
441 691 554 747 monis:
577 688 720 747 concinne
739 688 899 764 conplexus
918 691 963 749 est
981 709 1225 767 unumquemque

203 778 274 836 telis
301 778 411 837 sentire
439 777 536 836 manis
565 777 663 852 qualis
692 777 730 836 ed
757 778 868 837 inferos
899 778 1028 852 venerit,
1060 780 1086 837 si
1118 778 1225 852 bonus,

203 866 309 940 bonoS,
337 867 385 925 sin
410 867 520 942 molus,
548 866 652 925 melos.
699 866 809 936 enindc,
832 867 889 925 hoc
912 869 958 925 est
979 871 1050 944 post
1072 867 1224 927 examine·
1250 888 1263 930 s

202 957 317 1015 tionem
352 956 447 1031 vitae,
477 973 535 1027 per
566 956 697 1028 amptum
728 957 871 1014 mittimur
902 954 1041 1031 Elysium
1075 960 1102 1015 et
1131 960 1225 1031 ponci

203 1044 280 1103 iaetu
316 1062 391 1103 orca
427 1049 569 1104 tenemus:
605 1047 849 1120 conparationem
886 1045 958 1105 fecit
993 1047 1069 1104 miro
1106 1065 1223 1123 genere.

202 1135 365 1207 mittimur,
387 1135 501 1209 inquit,
528 1152 582 1208 per
605 1134 739 1209 emplum
761 1134 899 1209 Elysium
921 1136 1023 1210 pauci,
1047 1136 1134 1210 quasi
1157 1135 1224 1194 illo·

203 1243 269 1281 rum
288 1242 446 1281 numerum
463 1222 552 1281 breve
572 1224 704 1298 spatium
723 1224 800 1282 ferre
819 1242 878 1283 non
897 1226 1006 1299 posset.
1040 1242 1101 1282 non
1121 1242 1224 1302 super-

202 1312 263 1369 flue
282 1311 411 1370 latitudo
430 1314 533 1386 peucis
551 1312 651 1370 fueret
666 1311 819 1387 deputata,
834 1312 886 1371 sed
900 1312 1015 1372 tribute
1027 1331 1083 1390 pro
1097 1314 1222 1373 meritis.
1238 1334 1262 1374 ro

203 1400 276 1475 quid
309 1402 389 1458 enim
420 1401 499 1458 inter
530 1403 624 1460 sontis
652 1403 683 1459 et
710 1401 845 1460 innoxios
873 1401 1012 1477 distaret,
1045 1402 1071 1460 si
1102 1407 1223 1462 cunctos

203 1490 324 1565 aequali
337 1489 435 1564 specie
452 1489 586 1549 locorum
603 1490 761 1567 angustiae
781 1488 989 1550 continerent?
1018 1485 1120 1550 docuit
1134 1495 1225 1567 poete

202 1598 263 1637 non
290 1579 394 1654 paucis
422 1578 517 1637 videri
543 1582 682 1655 paratam
709 1579 915 1655 latitudinem,
943 1579 994 1639 sed
1018 1580 1170 1656 plmibus,
1198 1583 1225 1641 si

204 1672 306 1727 tamen
328 1669 373 1726 ite
395 1668 509 1743 vivent,
532 1670 567 1726 ut
585 1686 619 1726 eo
638 1670 740 1728 venire
758 1671 936 1728 mereantur.
973 1668 1054 1744 quod
1072 1671 1145 1746 quia
1164 1689 1225 1729 non

203 1757 247 1832 fit,
271 1759 343 1831 quie
365 1756 440 1815 bene
458 1756 580 1815 vivendi
599 1756 732 1816 studium
751 1776 811 1816 non
830 1759 970 1832 omnium,
990 1758 1041 1817 sed
1058 1777 1225 1835 paucorum
1238 1778 1264 1820 rs

203 1850 257 1922 est,
280 1845 473 1905 latitudinem
497 1849 527 1904 et
550 1844 658 1905 diffusa
677 1848 776 1922 spatie
794 1847 930 1906 incolunt
947 1847 1045 1923 pauci.
1079 1847 1226 1907 laudetur

202 1936 259 1995 hoc
282 1954 390 2013 genere
412 1933 557 2004 Anchises
580 1938 610 1993 et
633 1935 696 1993 eius
720 1935 786 1995 laus
808 1935 928 2012 proficit
951 1938 1042 1995 etiem
1060 1935 1133 2010 filio,
1152 1938 1225 2014 quie

203 2027 235 2083 in
258 2024 370 2084 talibus
392 2024 466 2083 locis
488 2027 606 2099 petrem
629 2026 765 2084 invenire
786 2026 970 2099 commeruit,
989 2029 1023 2084 ut
1040 2025 1097 2084 hoc
1115 2046 1224 2104 genere

203 2133 258 2189 pro
282 2114 339 2172 toli
360 2116 485 2189 parente
508 2111 679 2173 laboratum
703 2132 757 2172 nec
778 2114 879 2189 ipsum
901 2113 1022 2173 Aenean
1046 2118 1223 2190 paeniteret.

150 2208 201 2256 745
214 2204 302 2263 donec
329 2205 415 2278 mnpo
443 2204 505 2261 dies
526 2204 655 2277 perfeeto
684 2206 820 2276 temporis
848 2203 915 2261 orbe
938 2208 1098 2263 concretam
1122 2209 1261 2265 cnemitro

203 2294 298 2352 tabern
324 2310 493 2366 porumque
523 2294 641 2365 reliquit
673 2294 832 2351 aeterium
863 2309 981 2351 sensnm
1013 2297 1098 2366 utque
1130 2312 1225 2354 curce

202 2384 345 2455 simplicis
367 2385 477 2455 ipnern:
503 2386 623 2440 tentum
645 2381 741 2440 inficit
764 2383 896 2439 animem
920 2382 1050 2457 corporis
1073 2382 1166 2458 lebes,
1189 2386 1225 2442 nt

202 2472 279 2530 hene
312 2472 357 2529 vis
389 2473 485 2529 maior
514 2474 545 2528 et
572 2472 721 2546 prolixum
748 2473 866 2545 tempus
893 2471 944 2529 vix
970 2472 1067 2547 possit
1094 2472 1223 2547 abluere,

203 2561 317 2619 scilicet
344 2562 379 2617 ut
406 2561 476 2617 talis
504 2559 557 2618 fiat
585 2563 764 2639 purgatione
793 2560 890 2635 qualis
918 2560 977 2618 fuit
1005 2563 1167 2636 antequem
1190 2564 1223 2619 in

204 2667 311 2724 corpus
335 2648 512 2724 perveniret.
548 2650 603 2708 los
626 2652 728 2717 ornnis,
752 2649 804 2709 nbi
826 2650 905 2707 inille
927 2653 1021 2708 rotoni
1039 2651 1152 2710 coluere
1165 2669 1222 2725 per
1236 2670 1262 2712 u

203 2755 310 2805 (innoc,
338 2738 500 2796 Lethaeum
527 2738 568 2796 od
594 2740 719 2809 fluuium
747 2740 818 2797 dens
846 2742 943 2797 eooeot
969 2741 1084 2814 openine
1105 2758 1221 2814 mcpno,

150 2828 317 2884 tooscilicet
339 2829 511 2885 inmemores
532 2843 642 2899 supero
663 2831 698 2884 nt
715 2843 842 2886 connexo
859 2830 990 2887 revisunt
1006 2846 1113 2888 rnrsns
1133 2833 1160 2887 et
1176 2832 1222 2888 in·
1261 2810 1264 2874 Ἰ

201 2917 312 2988 cipiunt
333 2918 366 2973 in
389 2933 512 2988 corporo
540 2915 610 2973 celte
636 2918 757 2973 reverti:
789 2916 854 2989 ubi,
882 2919 995 2993 inquit,
1024 2920 1120 2976 omnis
1147 2919 1222 2977 istos

202 3004 316 3063 enimes
340 3005 513 3063 exercitium
536 3006 621 3063 rotae
644 3023 698 3080 per
721 3023 813 3063 annos
836 3006 918 3064 mille
947 3006 1144 3082 emoluerit,
1173 3007 1221 3064 de-

274 3162 288 3208 3
308 3158 439 3210 concinne
458 3156 482 3208 V
501 3158 630 3210 continue
649 3156 691 3208 ed.
762 3163 832 3209 4—5
851 3160 1123 3213 neonis—bonos—
1135 3160 1223 3213 moloc

201 3225 226 3278 V
242 3244 347 3295 poenos
357 3259 389 3266 —
402 3228 487 3281 bonus
498 3259 530 3267 —
541 3228 630 3281 malos
645 3227 688 3281 ed.
760 3233 792 3280 12
806 3231 892 3297 specie
906 3229 931 3281 V
945 3232 1036 3298 spatio
1051 3229 1093 3283 ed.
1112 3232 1115 3301 Ι
1132 3248 1221 3301 enpu-

199 3299 268 3352 otias
282 3298 307 3352 V
323 3314 391 3352 corr.
407 3298 450 3351 ed.
525 3303 558 3351 19
578 3300 733 3353 laboratum
750 3298 776 3352 V
794 3303 837 3367 (ut
857 3305 906 3353 679
924 3304 1092 3371 peruentum)
1113 3302 1220 3355 labora-

200 3370 268 3422 visse
288 3369 331 3423 ed.
387 3374 421 3422 20
440 3371 529 3423 orbem
543 3369 576 3422 V.
632 3376 665 3422 21
687 3372 837 3425 oetterenrn
852 3386 885 3423 ex
900 3373 1050 3425 oetherinni
1063 3374 1096 3425 ut
1110 3372 1222 3426 videtur

201 3457 269 3493 corr.
285 3440 310 3494 V
325 3445 388 3508 (536
403 3441 522 3496 aetherio
536 3441 633 3510 procul
649 3440 755 3510 dnbio).
812 3447 844 3494 22
865 3445 939 3496 tobes
952 3442 978 3495 V
992 3445 1034 3512 (ut
1048 3443 1074 3496 lt
1087 3443 1219 3513 Vergil.):

201 3512 250 3566 sed
260 3512 297 3564 ed
307 3512 402 3565 tabem
417 3512 526 3566 obicere
540 3529 640 3581 perum
655 3512 804 3566 convenire
817 3513 937 3581 videtur,
951 3530 1017 3584 ergo
1033 3516 1106 3569 lobes
1120 3516 1219 3585 scripsi

201 3584 353 3636 secundum
373 3582 483 3649 lemme,
504 3584 579 3651 quod
599 3584 686 3638 labem
705 3583 830 3651 praebet,
851 3584 884 3637 cf.
905 3585 993 3651 praef.
1064 3592 1098 3638 24
1113 3604 1218 3657 pnrpu-

200 3656 273 3709 tione
292 3654 317 3708 V
336 3656 475 3710 attritione
494 3655 536 3708 ed.
611 3662 643 3708 ‘27
663 3656 765 3709 scilicet
783 3671 836 3708 om.
848 3656 880 3709 V.
911 3659 915 3724 Ι
944 3673 1044 3724 supero
1063 3663 1115 3711 aut
1136 3657 1166 3712 V.

201 3732 234 3780 29
255 3729 401 3781 exereitum
419 3727 445 3779 V
463 3728 621 3781 exercitatio
641 3726 684 3779 ed.
705 3727 863 3779 exercitione
881 3743 940 3779 nos.
961 3727 966 3798 l
991 3729 1103 3783 volverit
1122 3729 1166 3783 ed.
