2734 4159
490 328 504 365 ῃ
588 304 773 359 AENEIDOS
792 305 805 357 Ι
860 325 863 331 ’
1165 304 1208 370 25

184 494 289 553 regem
310 476 426 551 poetice
449 474 566 535 inducit
585 474 719 549 dicitque
736 474 775 532 ed
794 494 862 533 eum
880 473 1025 546 Iunonem
1044 474 1209 552 supplicem

184 564 332 638 locutam,
364 582 432 623 cum
463 563 555 623 verba
587 566 650 623 cius
683 582 743 623 non
777 566 876 624 essent
907 564 1122 639 supplicantis,
1153 563 1209 623 ‘sed

184 653 325 715 iubentis.
380 653 545 729 supplicem
573 673 644 731 ergo
676 652 927 730 intellegendum,
960 653 1039 728 quod
1070 655 1139 730 ipsa
1169 653 1208 738 ad

185 763 253 801 eum
276 744 362 814 venit
384 746 415 801 et
436 742 538 801 locuta
561 747 606 801 est
627 742 715 801 haec:
747 742 850 811 Aeolo,
877 759 1004 815 neumae
1031 743 1084 801 tibi
1106 743 1208 811 dicum
1226 747 1261 795 65

138 854 169 903 ‚s
180 837 273 905 pater
293 836 382 905 atque
403 832 554 891 lominum
575 850 628 891 rec
650 836 676 890 ct
699 832 824 890 rnulcerc
846 832 926 889 dedit
942 834 1049 903 flectes
1068 836 1094 890 ct
1112 832 1209 890 tollere

184 926 286 992 emto:
317 921 397 981 hunc
419 922 519 993 locum
541 923 568 980 si
591 923 659 997 quis
683 922 828 980 attentius
852 920 1086 998 diligentiusque
1111 920 1209 979 discu-

183 1012 260 1085 tiat,
288 1010 366 1069 nihil
393 1010 475 1085 quod
503 1028 562 1069 non
589 1012 715 1069 miretur
739 1009 887 1085 inveniet3
919 1012 964 1069 est
987 1009 1067 1068 enim
1090 1011 1155 1069 arte
1178 1014 1210 1079 ot

185 1099 357 1169 subtilitate
380 1098 505 1158 dicentis
530 1098 691 1159 admodum
714 1099 850 1159 satiatus.
899 1118 970 1157 nem
993 1100 1092 1174 coepit
1115 1118 1134 1158 a
1156 1118 1209 1168 no·

183 1191 284 1263 mine,¹
309 1187 389 1263 quod
418 1190 518 1265 ipsum
545 1206 599 1247 nec
621 1187 766 1247 Iunonem
793 1188 938 1247 humilem
965 1206 1019 1247 nec
1042 1187 1135 1246 Aeolo
1162 1190 1207 1246 in-

144 1299 171 1339 11
185 1279 298 1338 iuriam
312 1278 391 1337 fecit.
425 1279 526 1353 potior
545 1279 656 1353 quippe
675 1279 702 1336 si
720 1277 893 1337 inferiorem
911 1276 1030 1336 nomine
1045 1294 1098 1335 suo
1112 1280 1208 1348 vocet,

183 1371 216 1431 et
243 1385 276 1438 se
304 1366 476 1426 benivolum
504 1370 653 1425 monstrat
681 1370 712 1425 et
738 1367 786 1425 illi
808 1366 887 1425 unde
910 1366 1042 1444 gaudeat
1064 1364 1207 1425 submini-

184 1460 272 1515 strat
313 1455 472 1531 pulchrum
494 1459 539 1514 est
562 1457 651 1529 enim,
674 1458 700 1515 si
723 1456 862 1515 inferiore
886 1457 918 1515 in
941 1455 1007 1514 loco
1030 1456 1145 1531 positus
1168 1457 1209 1520 sit

185 1546 328 1622 cognitus
351 1545 462 1621 potiori
484 1545 665 1620 perindeque
689 1564 775 1604 curus
799 1548 997 1620 acceptusque
1015 1547 1207 1604 monstratur.

186 1636 261 1693 fecit
289 1653 360 1712 ergo
383 1633 546 1696 secundum
569 1635 643 1692 artis
666 1638 827 1710 praccepta
849 1633 1034 1694 benivolum:
1066 1634 1141 1693 facit
1163 1638 1207 1693 at-

145 1746 171 1786 is
186 1727 319 1797 tentum,
343 1741 411 1782 cum
435 1723 509 1781 dicit
532 1740 660 1798 namque
683 1724 741 1782 tibi
764 1722 867 1781 divum
889 1726 976 1799 pater
999 1727 1089 1799 atque
1112 1724 1208 1782 homi-

185 1832 258 1884 num
286 1831 338 1870 rex
369 1816 399 1871 et
421 1813 550 1870 mulcere
574 1812 657 1871 dedit
679 1812 787 1872 fluctus
812 1815 842 1871 et
864 1813 969 1872 tollere
993 1815 1091 1871 vento.
1137 1832 1205 1872 nam

185 1901 292 1960 exinde
316 1903 450 1960 conicere
474 1901 587 1961 Aeolus
610 1903 712 1977 potuit
739 1901 872 1960 officium
900 1921 986 1961 suum
1009 1901 1118 1960 Iunoni
1145 1919 1207 1960 esse

184 1992 399 2064 necessarium,
429 2010 496 2049 cum
519 1990 670 2049 subtiliter
694 1994 857 2050 conventus
870 1991 1014 2050 audisset
1040 1989 1149 2048 habere
1176 2008 1207 2048 se

183 2083 217 2139 in
239 2083 344 2139 ventos
367 2081 573 2155 plenissimam
595 2082 785 2156 potestatem.
827 2099 864 2139 ne
888 2083 987 2139 autem
1012 2078 1207 2155 adrogantem

143 2190 170 2230 ao
185 2171 300 2228 faceret
326 2167 483 2243 Iunonem,
517 2171 560 2228 ait
593 2169 695 2228 divum
728 2173 814 2247 pater
847 2172 937 2245 atque
966 2169 1120 2227 hominum
1147 2187 1206 2226 rex.

184 2277 246 2327 non
274 2257 352 2317 dixit
378 2259 471 2317 frater
500 2277 584 2318 meus
613 2262 644 2317 et
666 2258 794 2318 meritus
816 2276 913 2332 meus,
936 2262 970 2315 ut
994 2256 1208 2339 supraposuit

185 2350 253 2423 „ast
275 2366 345 2425 ego,
374 2367 451 2421 quae
475 2347 576 2405 divum
599 2347 705 2407 incedo
727 2347 833 2425 regina
854 2346 994 2422 Iovisque
1018 2348 1048 2405 et
1071 2364 1156 2405 soror
1173 2350 1208 2415 ¹et

185 2434 342 2495 coniunx“.
388 2436 451 2495 illic
469 2438 563 2511 enim,
587 2436 640 2494 ubi
662 2455 762 2496 secum
786 2436 887 2495 locuta
911 2439 964 2509 est,
988 2437 1014 2495 si
1037 2435 1207 2511 specialiter

184 2526 242 2585 hoc
269 2527 372 2601 posuit
398 2526 482 2585 nullo
511 2525 665 2601 audiente,
694 2525 842 2602 adrogans
865 2525 993 2584 iudicari
1015 2545 1077 2584 non
1099 2526 1207 2600 potuit,

144 2635 170 2677 ae
184 2616 236 2675 hic
258 2633 329 2673 vero
354 2633 421 2674 cum
444 2614 518 2673 dicit
540 2633 669 2690 namque
693 2614 750 2673 tibi
773 2614 875 2674 divum
898 2617 984 2689 pater
1003 2617 1094 2690 atque
1112 2614 1206 2673 homi·

184 2724 259 2763 num
276 2724 336 2779 rex,
350 2704 488 2781 intellegi
505 2704 605 2780 potius
624 2704 723 2763 voluit
741 2722 831 2779 quum
850 2703 918 2763 dici.
951 2722 1010 2762 non
1029 2705 1109 2762 enim
1128 2703 1207 2779 apud

185 2813 259 2851 eum.
283 2793 462 2868 loquebatur
491 2794 543 2869 qui
569 2813 627 2853 non
658 2813 724 2852 eam
747 2794 855 2852 nosset.
902 2793 994 2851 dictio
1018 2797 1118 2851 autem
1141 2793 1207 2867 ipsa

185 2902 223 2941 ne
252 2885 330 2946 esset
357 2882 473 2959 prolixa
502 2886 532 2941 et
558 2883 722 2959 plurimum
751 2882 893 2959 temporis
916 2886 1045 2957 teneret,
1070 2882 1137 2959 ipsa
1159 2899 1206 2941 cc·

185 2972 267 3032 culte
295 2970 353 3030 sibi
381 2972 524 3048 proponit
556 2991 634 3047 quae
661 2972 699 3031 ab
727 2973 822 3042 Aeolo
854 2975 976 3047 possent
1008 2973 1206 3036 excusationis

144 3083 171 3122 co
185 3079 278 3120 causa
309 3061 467 3136 praetendi
494 3065 524 3120 et
550 3062 618 3136 ipse
645 3061 707 3121 illis
734 3061 895 3137 respondet
925 3062 983 3135 ita,
1015 3064 1049 3119 ut
1080 3060 1206 3118 ulterius

185 3150 288 3209 accedi
314 3169 374 3215 non
402 3154 509 3226 posset.
557 3150 683 3225 denique
712 3170 748 3209 ne
777 3151 889 3209 diceret
911 3151 1022 3209 Aeolus
1048 3168 1107 3208 non
1135 3150 1207 3213 sunt

250 3341 274 3390 ‘2
290 3340 474 3407 supplicantis
487 3338 540 3390 th
552 3339 687 3405 supplicis
701 3340 768 3392 autc
782 3356 839 3393 nort
853 3338 896 3391 ed.
953 3342 969 3389 6
985 3342 1075 3391 uentos
1090 3336 1132 3389 ed.

185 3412 312 3478 teipsam
331 3409 373 3463 ed.
449 3414 483 3462 10
500 3410 571 3475 facit
589 3409 632 3463 ed.
708 3416 740 3463 ll
762 3411 916 3464 benevolam
934 3408 977 3462 ed.
1044 3414 1077 3461 12
1094 3407 1207 3475 possitis

183 3484 223 3546 stt
243 3480 270 3546 It
293 3497 362 3535 corr.
386 3498 408 3534 r.
519 3487 552 3533 14
575 3496 638 3550 erpo
661 3479 714 3533 LR
737 3482 809 3535 euim
832 3480 875 3535 ed.
911 3484 915 3549 l
952 3481 1023 3545 fecit
1042 3485 1067 3533 et
1090 3479 1134 3533 ed.
1195 3516 1198 3521 ·

186 3558 220 3607 16
239 3559 332 3614 ocutos
350 3551 393 3606 ed.
493 3557 539 3606 -18
557 3551 709 3609 subtilitate
728 3551 770 3605 ed.
807 3554 811 3622 ι
845 3558 991 3607 concentus
1009 3551 1031 3603 L
1049 3556 1207 3606 contemtus

184 3624 210 3676 R
228 3626 429 3678 circumventus
447 3622 492 3686 cde
571 3628 605 3676 ‘20
625 3622 763 3679 Iunonem
781 3622 804 3675 L
824 3622 938 3696 luculli
954 3622 986 3675 a
1004 3639 1074 3675 eum
1087 3638 1150 3675 rue„

185 3702 217 3747 21
240 3702 265 3749 et
283 3693 333 3746 ΕΒ
352 3702 433 3763 atque
451 3694 493 3748 eo.
